3504 5248
1344 375 1377 428 67

203 574 304 655 paulo
328 593 430 655 supra
445 595 470 638 c.
486 575 527 638 18
544 574 632 658 (231,
655 573 710 654 15)
734 572 851 654 legitur
874 573 962 636 iusta
985 573 1092 636 forma
1116 571 1379 636 ‘Intercluso

202 663 299 744 fuga’.
340 665 378 728 cI.
414 667 588 746 praeterea
623 663 647 724 V
684 663 722 725 iu
757 662 846 745 (140,
883 661 934 743 18)
967 662 1152 726 interclusis
1174 657 1218 708 -'
1239 662 1372 736 cuneis;

203 753 275 817 VIII
299 754 318 816 6
345 753 433 834 (185,
457 754 490 834 6)
515 751 755 815 interclusis-
771 751 945 815 meatibus.
971 751 1048 814 item
1067 753 1257 814 constanter
1279 769 1377 831 repe-

202 843 284 907 ritur
301 841 454 920 inclusus,
469 839 623 916 occlusus,
638 840 792 918 exulemus,
805 838 984 919 praecincto.
1008 838 1204 904 interclausa
1226 839 1377 903 librarius

202 932 372 1012 scripsisse
396 931 526 994 videtur
548 930 654 994 diviso
680 929 779 993 verbo
803 930 837 992 in
860 931 943 992 inter
967 933 1000 991 et
1023 927 1121 992 clusa.
1146 929 1259 1009 itaque
1282 930 1378 992 resti-

166 1095 170 1104 ,
202 1021 363 1085 tuendum
389 1020 458 1098 erit,
484 1019 576 1100 quod
603 1019 669 1082 iam
693 1019 726 1081 in
750 1015 819 1081 BW
845 1021 943 1092 extat,
966 1016 1148 1081 interclusa.

309 1142 437 1206 Deinde
467 1145 620 1221 ruperunt
640 1142 693 1204 vix
719 1144 768 1204 est
790 1140 965 1205 incolume.
999 1141 1208 1205 desideratur
1240 1142 1379 1205 verbum
1506 1149 1508 1154 '

204 1231 404 1312 copulatum,
437 1231 527 1294 velut
558 1232 870 1310 <pra>ruperunt.
908 1229 946 1293 cl.
970 1229 1001 1293 X
1027 1231 1067 1295 16
1094 1230 1181 1313 (105,
1207 1231 1240 1312 5)
1277 1235 1314 1294 ut
1339 1251 1378 1294 ex

203 1320 386 1384 iuveterato
411 1319 466 1384 illo
491 1324 626 1401 torpore
641 1356 684 1366 —
700 1320 810 1382 subito
834 1323 1083 1400 prorumperet;
1108 1319 1152 1383 XI
1179 1321 1191 1382 1
1213 1319 1303 1402 (alt,
1321 1321 1377 1400 ⁶21)

199 1427 411 1488 prorumpens
442 1409 518 1473 licet
549 1408 647 1472 huius
682 1408 829 1472 muneris
863 1409 1038 1488 gaudium3
1074 1408 1131 1471 VII
1163 1407 1298 1490 1(161,
1317 1409 1378 1486 ’10)

203 1494 432 1577 immanesque
457 1497 640 1562 Gothorum
674 1497 788 1578 copias
819 1495 916 1561 Ponti
948 1497 1098 1561 faucibus
1123 1501 1156 1560 et
1187 1497 1287 1562 Htsni
1322 1516 1405 1561 ore.

199 1591 337 1666 prarupt
376 1634 383 1648 .

309 1773 387 1836 ibid.
411 1773 453 1837 36
479 1771 568 1856 (641,
593 1773 668 1850 aar:
694 1776 786 1837 cuins
808 1772 856 1836 ita
885 1772 952 1836 iarn
975 1772 1083 1836 uberes
1105 1775 1228 1836 scatent
1257 1771 1378 1848 laudes,

202 1865 237 1926 ut
256 1860 370 1940 plenae
387 1864 520 1940 possent
542 1861 652 1938 uideri,
668 1861 733 1925 nisi
756 1862 946 1940 coepisse
969 1865 997 1924 et
1009 1866 1136 1940 partem
1160 1865 1376 1942 copitarenrus.
1433 1904 1435 1908 .

309 2048 417 2112 Locus
442 2049 522 2128 quin
547 2067 645 2129 aeger
668 2047 718 2124 sit,
743 2047 877 2110 minime
902 2047 1028 2110 dubito.
1053 2067 1132 2111 nam
1153 2066 1222 2111 nou
1243 2052 1377 2127 partem,

202 2137 262 2201 sed
281 2141 407 2216 patrem
431 2141 482 2200 est
505 2137 655 2201 codicum
679 2137 852 2217 scriptura,
877 2155 964 2217 quae
988 2155 1056 2200 non
1073 2141 1123 2199 est
1140 2150 1198 2200 cur
1221 2141 1375 2200 mutetur.

203 2227 323 2291 delnde
346 2229 431 2290 et:
446 2229 542 2291 etiarn
564 2227 673 2289 miuus
698 2230 749 2289 est
772 2225 822 2288 his
846 2225 1033 2289 oratoribus
1052 2225 1220 2289 familiare.
1246 2245 1306 2306 ego
1323 2227 1373 2289 la-

203 2335 289 2380 cuna
305 2315 502 2379 sententiam
523 2314 674 2379 laborare
690 2315 769 2378 mihi
785 2315 973 2394 persuadeo
991 2318 1022 2378 et
1039 2314 1122 2378 haec
1137 2314 1259 2395 scripta
1274 2315 1374 2379 fuisse

203 2405 370 2468 existimo:
396 2405 467 2467 ‘nisi
492 2405 698 2484 coepisse
722 2413 846 2476 <eas
870 2404 1186 2476 scIremus>et
1209 2408 1378 2484 patrem

204 2492 441 2574 cogitaremus'.
474 2493 513 2557 cI.
538 2491 568 2556 X
592 2494 610 2555 3
636 2492 723 2570 (215,
752 2492 823 2569 19);
858 2492 939 2556 alter
967 2493 1032 2556 iam
1064 2493 1283 2571 consulatum,
1308 2493 1374 2556 iam

202 2583 449 2646 venerationem
481 2581 542 2659 sui,
573 2583 639 2646 iarn
674 2585 842 2662 patrem
877 2581 1022 2644 sentiens
1048 2617 1087 2626 -
1114 2581 1262 2645 declarat
1297 2601 1374 2644 mox

202 2672 369 2736 victorem.
665 2669 666 2672 ’

310 2857 389 2922 ibid.
415 2858 455 2920 37
482 2857 570 2938 (141,
600 2857 669 2934 tur:
699 2858 846 2920 narravit
880 2854 993 2933 ubique
1025 2855 1181 2920 exhausta
1219 2854 1310 2931 bella,
1346 2859 1376 2918 et

202 2945 258 3010 iac
281 2946 325 3008 ari
348 2951 436 3008 tuarn
449 2946 598 3027 pratiarn,
622 2967 684 3010 nan
696 2946 739 3010 ad
751 2943 803 3008 sni
814 2943 1073 3009 ostentationem:
1098 2963 1218 3023 arram
1240 2943 1379 3025 apilio

199 3034 388 3201 {hhpdihdii
398 3035 502 3185 geste,
526 3053 621 3113 quam
644 3034 805 3100 resistenti
827 3033 995 3110 uehemens,
1029 3053 1125 3112 quarn
1146 3032 1260 3112 facitis
1283 3053 1378 3112 sup-

314 3305 417 3386 Quam
439 3303 535 3386 apriis
558 3305 727 3370 Baehrens
759 3308 888 3388 scripsit
912 3328 973 3389 pro
998 3308 1104 3389 qualis
1127 3309 1168 3384 M,
1195 3328 1270 3372 cum
1297 3308 1377 3390 Eys-

206 3395 367 3460 senhardt
381 3414 477 3474 quarn
492 3394 621 3458 ualidus
635 3397 876 3476 proposuisset.
893 3397 972 3460 mlhi
987 3417 1056 3461 nou
1069 3397 1199 3462 videtur
1213 3397 1376 3477 scriptura

201 3485 323 3549 tradita
348 3503 420 3548 esse
445 3487 609 3565 corrupta.
644 3503 721 3548 narn
746 3483 853 3563 qualis
884 3484 1145 3568 intellegendum
1178 3505 1251 3550 esse
1275 3489 1379 3549 sensu

202 3593 297 3654 quam
341 3574 450 3656 pranis
495 3578 587 3654 patet
621 3577 654 3636 et
688 3593 728 3636 ex
773 3573 871 3637 huius
918 3573 981 3637 loci
1027 3575 1135 3639 verbis
1168 3579 1264 3638 etex
1295 3575 1377 3640 c.X

204 3662 248 3746 (p.
273 3663 348 3738 215,
381 3663 452 3745 16);
489 3667 643 3744 ‘quorum
666 3662 748 3726 alter
770 3662 836 3726 iam
861 3663 1052 3726 obterendis
1087 3663 1238 3728 hostibus
1270 3663 1377 3744 gravis

202 3755 362 3816 terrorem
406 3756 583 3833 paternum
621 3788 653 3798 -
683 3752 831 3815 derivare
869 3751 912 3815 ad
943 3769 1067 3814 nomen
1103 3770 1200 3816 suum
1247 3751 1376 3833 coepit'.

202 3860 280 3904 mox
313 3839 538 3919 supplantasti
574 3840 743 3908 Baehrens
768 3861 808 3904 ex
830 3840 860 3903 A
884 3840 1016 3918 recepit,
1064 3840 1157 3921 quod
1181 3860 1257 3904 eum
1289 3845 1377 3904 recte

202 3929 317 3993 fecisse
356 3948 423 3992 non
453 3934 548 4011 putu.
594 3931 694 3994 Immo
736 3930 818 4011 qnid
863 3925 1098 4008 supplantandi
1141 3931 1278 3993 verbum
1323 3929 1377 3992 hic

203 4018 266 4082 sibi
299 4016 376 4080 velit
407 4036 475 4081 non
506 4018 614 4084 video.
640 4023 672 4083 at
700 4039 836 4101 prorsus
861 4017 1061 4081 conveniens
1094 4035 1166 4081 esse
1190 4019 1375 4082 sententiae

208 4104 415 4185 supplicanti,
451 4107 542 4186 quod
565 4107 693 4172 BCVW
726 4109 896 4188 praebent,
920 4106 1015 4170 facile
1050 4105 1214 4188 Intellego.
1248 4107 1375 4170 iuvenis

204 4195 291 4259 enirn
314 4197 351 4258 ut
373 4195 460 4259 hosti
483 4195 648 4260 resistenti
682 4197 861 4261 vehemens
885 4196 985 4260 fuisse
1017 4195 1145 4274 dicItur,
1181 4196 1228 4260 ita
1252 4196 1375 4276 suppli·

203 4284 289 4349 canti
322 4283 389 4348 sive
424 4284 555 4347 venIam
588 4286 714 4364 petenti
745 4286 832 4349 milis
864 4288 896 4349 et
920 4284 1106 4349 exorabilis.

307 4476 386 4540 1111.
412 4475 452 4540 31
478 4477 567 4556 (err,
592 4477 662 4556 aa:
687 4479 946 4556 sempeternum
969 4479 1123 4554 mitrae,
1150 4497 1271 4542 mauu
1291 4497 1372 4556 par·
1432 4457 1437 4468 '

204 4570 255 4630 cat
277 4568 307 4628 et
321 4565 364 4628 sit
379 4565 505 4645 aliquid
527 4585 727 4646 prinnannus,
751 4569 787 4630 in
812 4586 872 4647 quo
893 4570 921 4632 te
940 4567 1054 4632 iterum
1073 4566 1154 4630 nolit
1177 4566 1308 4631 imitari.
