3504 5248
1343 372 1377 423 53

142 556 146 563 ’
201 556 271 620 aeie
294 557 327 620 in
352 557 462 638 fugam
487 557 602 622 versa'.
628 557 666 621 ef.
692 558 721 621 X
745 559 786 624 19
812 514 899 643 (1351,
925 562 980 645 17)
1007 583 1092 644 quos
1115 564 1251 629 trabalis
1279 567 1376 632 hasta
1484 551 1488 560 ¹

199 649 258 709 tua
283 645 410 718 deiecit,
435 647 598 710 insultans
623 665 701 710 ecus
725 650 874 728 proterit.

307 814 389 877 ibid..
412 816 430 878 7
457 815 545 893 (198,
571 813 621 898 ll:
645 816 745 880 obtati
767 818 907 898 audique
923 825 1120 896 commeatus,
1146 826 1182 885 ut
1197 830 1373 903 appareret,

198 922 292 982 amam
308 903 366 966 dia
380 904 620 982 desiderassent,
644 909 696 969 eat
711 926 743 970 se
765 910 848 970 iam
859 914 1007 987 prompte
1022 909 1100 974 detio
1116 911 1221 975 adium
1236 916 1374 977 restante

119 1023 123 1030 ·
197 993 430 1057 committerent.

300 1135 376 1200 Non
398 1139 472 1210 term,
498 1136 589 1218 quod
613 1135 782 1200 Baehrens
806 1137 944 1218 scripsit,
969 1138 1029 1202 sed
1053 1139 1148 1202 etiam
1173 1145 1223 1204 est
1246 1142 1278 1204 M
1302 1163 1372 1206 me-

196 1225 311 1290 moria.
329 1226 394 1289 hoe
410 1225 505 1290 etiam
520 1245 623 1307 prave
636 1245 671 1288 se
684 1225 808 1289 habere
823 1226 887 1290 iam
903 1225 1125 1308 Cuspinianus
1138 1229 1371 1312 Livineiusque

196 1315 512 1379 animadverterunt.
538 1318 639 1395 atque
663 1314 715 1377 ille
739 1317 805 1378 tam
830 1315 1028 1393 emendavit,
1054 1318 1145 1398 quod
1169 1319 1239 1382 iure
1256 1325 1371 1399 poste-

194 1405 297 1467 riores
327 1403 469 1484 amplexi
492 1408 571 1468 sunt
594 1403 749 1467 editores.
784 1423 861 1467 nam
884 1404 948 1467 hoo
973 1410 1038 1469 tam
1062 1409 1139 1487 apte
1162 1399 1304 1472 refertur
1327 1410 1370 1473 ad

195 1511 236 1557 ea
267 1513 353 1574 quae
376 1493 582 1574 praecedunt
605 1495 722 1556 missae
744 1491 784 1556 ab
808 1493 952 1557 amathas
975 1493 1154 1576 tepatiomes
1187 1494 1286 1560 oblati
1308 1517 1368 1560 an-

193 1582 288 1662 diqae
318 1585 518 1646 commeatus·
545 1579 622 1658 iam,
654 1581 746 1662 quod
779 1579 948 1646 Baehrens
980 1583 1145 1664 praetulit,
1180 1583 1270 1649 nihili
1309 1591 1368 1651 est.

194 1675 302 1734 ortum
327 1673 439 1735 autem
463 1675 512 1735 est
535 1670 630 1734 etiam
655 1690 695 1734 ex
717 1673 792 1745 tam,
820 1670 998 1752 adsumpta
1014 1693 1029 1735 e
1045 1673 1154 1737 littera
1171 1693 1211 1736 ex
1226 1693 1267 1740 se.
1291 1695 1369 1740 narn

193 1764 274 1824 etam
298 1759 487 1841 suppletum
512 1760 632 1833 deinde
656 1759 690 1822 ln
713 1761 916 1834 et<i>am

298 1928 377 1992 nra
402 1929 422 1992 s
448 1929 536 2010 (los,
561 1928 636 2011 rev:
660 1928 716 1992 sen
739 1927 820 1990 am
851 1949 1041 1993 aeramnae
1073 1901 1270 1994 sitieram
1289 1933 1364 2012 pe·-

192 2019 261 2082 dem
281 2017 467 2096 perdita,
491 2021 594 2082 aetate
617 2022 725 2081 mostra
749 2015 835 2080 ciuili
858 2018 1013 2100 sanquine
1036 2018 1208 2099 mamiato,
1241 2019 1362 2086 Verona
1395 2063 1397 2066 -

191 2107 329 2170 aramme
352 2105 489 2170 hostium
513 2106 648 2171 eaereita
671 2105 841 2170 terrebatur.

299 2246 365 2310 Cur
389 2247 564 2328 avulgata
602 2249 764 2328 scriptura
795 2248 865 2311 ‘sed
904 2249 991 2312 enirn
1027 2268 1228 2314 aerumnosa
1251 2250 1305 2314 illa
1333 2257 1365 2314 et

190 2335 408 2418 iampridem
432 2336 574 2400 media
599 2341 707 2400 aetate
738 2342 853 2401 nostra
884 2337 967 2401 civili
998 2339 1163 2418 sanguine
1188 2340 1363 2418 maculata,

189 2425 330 2489 Verona'
354 2426 550 2489 recedamus
574 2462 616 2472 -
640 2445 717 2490 nam
743 2427 834 2506 quod
855 2425 966 2505 pridie
988 2428 1106 2492 medita
1128 2428 1158 2492 A
1178 2427 1289 2508 habet,
1314 2430 1363 2493 ni-

189 2514 243 2578 hili
268 2517 317 2578 est
332 2551 385 2592 —,
402 2533 470 2578 non
483 2514 656 2595 intellego;
681 2517 802 2579 etenim
826 2516 918 2578 locus
943 2516 988 2579 sie
1012 2515 1155 2596 intellegi
1179 2520 1306 2597 potest:
1332 2521 1364 2582 et

188 2604 416 2684 iampridem,
452 2603 563 2667 media
587 2607 695 2667 aetate
728 2608 852 2680 nostra,
886 2604 968 2667 civili
1004 2605 1165 2684 sanguine
1197 2607 1363 2671 maculata

188 2692 329 2757 Verona'
354 2693 374 2756 i.
401 2713 429 2758 e.
454 2693 530 2756 ‘iam
545 2692 680 2773 pridem,
699 2711 774 2756 eum
789 2692 899 2756 media
914 2693 1085 2756 etiamtum
1108 2697 1217 2758 aetate
1233 2695 1361 2760 essem'.

189 2781 227 2845 cf.
252 2782 295 2845 ΙΙΙ
320 2783 339 2846 5
365 2781 453 2864 (105,
478 2782 533 2859 11)
560 2785 592 2845 et
614 2781 707 2845 multi
730 2800 860 2846 summa
884 2780 1074 2862 eloquentia
1097 2783 1238 2863 praediti
1260 2802 1362 2866 saepe

189 2871 344 2934 dixerunt
367 2876 398 2934 et
423 2890 483 2952 ego
508 2870 684 2951 pridem,
724 2890 814 2934 curn
844 2870 946 2933 mihi
977 2871 1227 2935 auditionis
1260 2876 1362 2937 tuae

188 2960 340 3024 divina
365 2959 565 3040 dignatio
591 2979 678 3022 eam
704 2959 1061 3041 eopiamtribuit,
1078 2966 1242 3042 quantum
1257 2962 1361 3042 potui,

188 3049 398 3130 praedicavi;
435 3048 505 3111 Vlll
532 3048 571 3112 13
598 3048 685 3131 (191,
709 3048 745 3133 4)
769 3048 834 3112 iarn
860 3054 937 3112 tune
971 3049 1068 3128 enim,
1100 3050 1133 3113 in
1164 3050 1219 3114 illa
1251 3055 1361 3115 vetere

190 3137 394 3217 republica,
423 3138 467 3201 ad
491 3137 676 3201 censoriam
714 3137 847 3201 laudern
880 3138 1084 3218 pertinebat;
1116 3137 1188 3203 115
1214 3139 1279 3216 (91,
1305 3140 1359 3223 31)

187 3228 307 3303 statim,
334 3226 466 3289 vixdum
490 3226 611 3289 misero
643 3224 697 3289 illo
735 3226 845 3289 furore
877 3227 997 3307 sopito,
1030 3246 1105 3290 cum
1138 3246 1254 3292 omnes
1278 3229 1354 3292 bar·
1466 3285 1471 3294 .

184 3315 285 3379 barae
321 3316 474 3380 nationes
500 3351 537 3360 -
563 3315 743 3392 irruissent,
783 3315 857 3395 quis
895 3315 977 3378 deus
1018 3353 1051 3362 -
1079 3315 1220 3381 salutem
1258 3317 1357 3380 nobis

185 3403 371 3469 attulisset?
394 3403 451 3467 Vll
479 3407 491 3468 1
521 3404 609 3487 (160,
636 3403 688 3481 10)
712 3423 823 3484 neque
856 3404 1022 3468 mediae
1056 3406 1222 3468 aetatis
1246 3406 1354 3468 homi-

185 3513 261 3557 nem
286 3496 454 3558 ostentare
479 3493 600 3557 debere
624 3492 767 3556 subitam
793 3492 924 3556 dicendi
945 3491 1145 3558 facultatem.

291 3581 331 3645 Et
353 3582 547 3646 Baehrensii
571 3586 614 3647 ‘et
636 3582 702 3645 iam
726 3581 854 3662 pridem
889 3580 1075 3661 perdita,
1110 3584 1219 3646 aetate
1243 3587 1359 3646 nostra

185 3670 267 3736 civili
293 3671 455 3752 sanguine
478 3671 654 3735 maculata'
681 3675 713 3734 et
737 3669 923 3734 Schenkelii
948 3675 992 3733 ‘et
1015 3670 1081 3734 iarn
1106 3670 1235 3751 pridem
1259 3676 1358 3734 ante

183 3763 327 3826 aetatem
351 3763 501 3824 nostram
527 3780 553 3823 e.
579 3780 603 3824 s.
628 3762 681 3824 m.'
706 3760 824 3824 falsam
860 3778 932 3823 esse
963 3759 1159 3838 scripturam
1193 3760 1291 3822 etiarn
1317 3779 1357 3823 ex

183 3853 354 3916 oratorum
378 3868 441 3913 usu
466 3849 555 3912 vocis
576 3849 700 3928 pridem
725 3853 872 3930 apparet.
896 3867 975 3912 nam
1008 3847 1048 3910 de
1072 3847 1172 3911 rebus
1196 3867 1270 3910 earn
1294 3867 1356 3928 po·

182 3958 261 4004 nere
285 3938 403 4015 solent,
429 3957 516 4019 quae
541 3957 656 4002 eorum
692 3942 801 4002 aetate
839 3941 1031 4016 evenerunt,
1070 3955 1139 3999 non
1173 3935 1215 3998 de
1245 3935 1355 4012 rebus
1414 3951 1416 3955 ·

182 4046 269 4109 quae
293 4029 385 4108 prius
409 4027 516 4090 tactae
549 4030 644 4103 sunt;
681 4027 722 4090 de
745 4028 796 4091 his
828 4026 903 4091 atim
934 4025 985 4089 vel
1016 4024 1173 4106 quondam
1198 4027 1355 4089 utuntur:

180 4117 223 4183 111
251 4119 264 4179 1
294 4115 382 4199 (101,
410 4116 463 4194 10)
489 4134 644 4179 voveram
669 4121 790 4193 autem,
824 4120 861 4179 ut
891 4135 945 4178 me
970 4113 1170 4195 dignatione,
1196 4131 1264 4193 qua
1287 4113 1354 4194 pri·

100 4258 102 4262 .
181 4206 257 4270 dern
281 4205 445 4279 audieras
470 4223 584 4268 rursus
609 4205 761 4280 audires3
786 4204 813 4266 V
839 4207 852 4269 1
883 4203 971 4284 (133,
997 4204 1029 4280 5)
1062 4203 1256 4283 praesertim
1280 4221 1355 4265 cum

185 4332 216 4344 -
247 4294 317 4375 ipse
340 4293 394 4357 ille
417 4294 482 4357 iam
507 4292 635 4373 pridem
659 4293 736 4356 mihi
761 4329 804 4338 -
831 4293 1014 4356 divinarum
1039 4291 1202 4372 patristui
1227 4289 1355 4353 aurium

179 4383 289 4449 aditus
314 4383 475 4458 evenerit3
501 4382 538 4444 m
568 4382 656 4458 (147,
697 4382 752 4462 11)
776 4383 889 4463 itaque
913 4382 997 4445 sieut
1027 4381 1156 4462 pridem
1180 4385 1248 4453 tuo,
1272 4379 1353 4442 Dio-

180 4474 318 4539 cletiane
363 4472 522 4552 Auguste,
570 4471 661 4534 iussu
709 4471 840 4535 deserta
886 4470 1047 4534 Thraciae
1092 4469 1259 4533 translatis
1303 4469 1353 4531 in-

180 4563 259 4628 colis
282 4560 362 4624 Asia
401 4559 593 4640 complevit3
635 4559 675 4622 VI
713 4559 845 4643 7053,
873 4559 926 4638 18)
968 4559 1037 4622 eius
1070 4557 1147 4637 filio,
1173 4576 1271 4639 quem
1295 4557 1354 4621 tihi
