3504 5248
398 411 449 491 aa

507 606 659 672 Occosum
691 608 861 672 Baehrens
894 608 1022 689 scripsit
1053 608 1230 673 Ruehlium
1266 609 1311 692 (p.
1339 611 1390 685 11)
1415 613 1569 686 secutus3

396 698 430 761 in
465 697 660 761 Bertiniensi
696 717 844 761 occanum
879 701 957 770 erat,
990 717 1009 760 a
1041 698 1071 760 M
1103 717 1143 762 ea
1174 716 1238 761 vox
1262 699 1352 762 afuit.
1377 699 1569 778 opinionem

397 785 530 850 Ruehlii
552 786 762 868 probandam
787 785 887 850 fuisse
911 805 980 850 non
1005 787 1165 850 existimo.
1190 787 1332 866 primum
1356 806 1425 850 non
1442 791 1492 851 est
1507 807 1567 850 ne·

396 875 558 938 cessarius
589 875 621 939 h.
651 876 672 938 l.
697 874 770 938 talis
809 875 1034 950 accusativus;
1070 895 1146 939 nam
1183 875 1260 956 tuga
1295 875 1399 939 hostis
1434 875 1567 940 deserto

395 963 522 1044 proelio
547 963 711 1044 capessite
734 983 793 1044 per
817 983 852 1026 se
876 964 950 1045 ipsa
974 963 1185 1044 significatur,
1222 963 1506 1045 quemadmodum
1534 965 1567 1028 in

395 1052 620 1134 superioribus
644 1053 748 1116 hostis
772 1059 1050 1116 commemoratur
1064 1055 1097 1115 in
1113 1071 1227 1134 pugna
1242 1054 1399 1117 resistens
1416 1057 1449 1117 et
1464 1053 1568 1118 hostis

396 1161 436 1204 ex
459 1160 572 1222 pugna
595 1141 727 1205 cedens,
753 1161 793 1204 ea
816 1141 893 1222 fuga
917 1161 1130 1223 nequaquam
1154 1143 1241 1206 idern
1269 1147 1320 1206 est
1347 1148 1447 1223 atque
1464 1143 1567 1206 hostis

394 1249 555 1307 recessus,
572 1230 606 1293 in
621 1249 689 1311 quo
701 1230 753 1293 hic
766 1249 915 1311 pugnare
927 1235 1038 1311 potest
1062 1235 1145 1295 etse
1161 1233 1232 1312 ipse
1249 1231 1437 1296 defendere.
1453 1233 1567 1313 itaque

396 1319 561 1382 obiectum
591 1318 677 1382 illius
706 1318 828 1400 fugeret
858 1339 926 1383 non
952 1320 1169 1384 desideratur.
1201 1320 1321 1383 deinde
1345 1325 1473 1384 tantum
1498 1339 1567 1384 non

395 1407 503 1471 aliena
527 1411 578 1471 est
596 1427 661 1471 vox
683 1425 819 1483 occasus
845 1427 945 1471 sensu
968 1409 1116 1472 interitus
1139 1410 1257 1489 posita,
1283 1411 1325 1473 ab
1349 1411 1399 1473 his
1425 1409 1564 1490 scripto-

394 1497 495 1561 ribus,
529 1497 568 1560 cl.
603 1496 643 1559 lV
668 1499 687 1558 5
713 1497 800 1579 (110,
829 1498 882 1577 11)
907 1498 1039 1561 interitu
1072 1498 1190 1561 summi
1226 1499 1370 1563 doctoris
1394 1499 1566 1574 orbatam;

397 1585 438 1647 14
462 1586 550 1668 (115,
583 1586 637 1668 18)
663 1586 795 1649 interitu
820 1587 1045 1667 praeceptoris
1069 1587 1241 1662 orbatum;
1273 1587 1303 1650 X
1327 1588 1365 1651 31
1395 1586 1483 1665 (137,
1511 1587 1565 1669 17)

395 1679 575 1754 conceptus
609 1694 626 1736 e
658 1675 724 1738 vita
758 1679 865 1739 terror
899 1676 1113 1739 insultatione
1147 1677 1297 1740 interitus
1333 1676 1561 1747 obterebatur:

393 1762 453 1828 ΧΠ
485 1763 528 1826 14
560 1763 647 1841 (193,
682 1762 734 1844 13)
764 1765 930 1827 interitum
957 1764 1120 1840 Gratiani3
1153 1766 1195 1828 18
1220 1764 1307 1848 (190,
1339 1766 1395 1842 14)
1420 1770 1565 1828 vestrum

394 1853 421 1914 is
452 1852 646 1915 recordetur
691 1852 876 1928 interitum3
924 1854 962 1915 41
991 1851 1161 1937 (30813)
1197 1854 1399 1918 consciscere
1436 1854 1566 1918 sibimet

393 1941 559 2004 interitum
611 1941 730 2012 nollet:
782 1943 821 2004 41
877 1942 965 2019 (309,
1021 1943 1073 2020 10)
1125 1950 1157 2005 et
1207 1944 1352 2024 recipere
1398 1943 1565 2006 interitum

393 2030 501 2092 statim
534 2034 659 2105 totnm;
691 2031 734 2094 41
769 2030 857 2113 (309,
890 2031 945 2113 11)
978 2034 1170 2113 expectatus
1202 2031 1362 2096 interitus.
1395 2031 1466 2094 solo
1491 2031 1566 2095 loco

392 2117 423 2181 X
447 2119 487 2181 11
513 2119 601 2196 (111,
634 2119 688 2197 30)
712 2120 830 2200 legitur
852 2139 996 2184 occasus:
1033 2130 1112 2182 ‘una
1136 2121 1267 2183 demum
1294 2120 1477 2184 Constantii
1503 2122 1564 2184 ob·

392 2207 468 2270 livio
505 2212 553 2271 est
587 2209 723 2272 humani
756 2209 884 2288 generis
922 2211 1081 2273 occasns’.
1119 2213 1189 2272 tum
1221 2210 1343 2272 omisso
1377 2211 1566 2273 accusativo

392 2297 498 2360 maior
522 2297 632 2359 evadit
654 2297 753 2360 trium
777 2299 1016 2362 sententiarum
1040 2317 1080 2361 ex
1104 2317 1212 2379 aequo
1237 2299 1419 2378 positarum
1437 2317 1563 2380 aequa·

391 2384 517 2448 bilitas:
544 2392 622 2466 ‘qua
644 2384 820 2448 resisteret'
857 2394 935 2467 ‘qua
958 2385 1099 2450 cederet’
1133 2390 1210 2467 ‘qua
1234 2386 1381 2467 fugeret’,
1406 2388 1498 2468 quod
1523 2407 1564 2452 eo

394 2474 467 2553 plus
499 2473 595 2551 valet,
627 2474 719 2555 quod
752 2475 1020 2555 aequabilitatem
1053 2474 1208 2538 affectant
1230 2475 1263 2538 hi
1288 2476 1474 2557 scriptores,
1500 2496 1562 2556 po·

392 2566 514 2626 stremo
548 2563 675 2626 accedit
706 2562 829 2628 codicis
852 2564 893 2638 Μ,
919 2564 975 2646 qui
998 2564 1129 2644 ignorat
1151 2564 1229 2627 illud
1253 2583 1410 2637 oceanum,
1446 2569 1561 2628 aucto·

391 2651 480 2716 ritas.
507 2651 677 2732 quomodo
701 2671 851 2716 oceanum
875 2654 906 2716 in
932 2653 1020 2716 Bert.
1039 2653 1189 2730 extiterit,
1216 2653 1278 2716 dici
1295 2657 1415 2733 potest.
1441 2655 1564 2718 scilicet

391 2741 483 2804 initio
516 2739 719 2804 'occurreres'
759 2741 911 2806 librarius
943 2743 1224 2806 commonefactus
1259 2742 1359 2816 vocis,
1397 2757 1484 2823 quae
1519 2743 1563 2806 ab

390 2831 506 2893 iisdem
542 2830 656 2894 litteris
693 2831 815 2912 incipit,
851 2850 999 2893 oceanum
1037 2850 1098 2912 per
1136 2831 1374 2912 neglegentiam
1407 2833 1562 2896 exaravit.

386 2919 456 2982 'hoc
488 2919 606 2982 erroris
639 2938 708 2982 non
740 2920 847 2983 solum
877 2919 930 2982 hic
955 2922 1071 2992 evenit,
1104 2919 1284 2983 sedetiam
1309 2920 1384 2984 alibi
1409 2921 1563 3002 saeptum

392 3006 430 3070 cf.
455 3007 535 3071 Tac.
560 3009 633 3071 hist.
659 3009 689 3086 4,
718 3008 775 3072 15;
802 3008 980 3089 statimque
1005 3008 1115 3071 accitis
1137 3009 1245 3071 Frisiis
1270 3045 1312 3054 —
1337 3009 1478 3072 duarum
1503 3029 1559 3073 co·

390 3096 534 3160 hortium
566 3097 705 3160 hiberna
737 3097 887 3177 proxima
916 3095 1103 3182 [occupata]
1134 3095 1262 3161 Oceano
1292 3099 1466 3178 inrumpit;
1491 3098 1561 3162 Val.

392 3184 475 3248 Max.
504 3187 530 3259 1,
559 3187 586 3262 1,
612 3190 674 3249 ext.
700 3186 736 3248 t:
762 3186 919 3267 inquam
944 3204 986 3248 ne
1009 3186 1169 3249 incideret
1184 3185 1406 3250 Timasitheus
1423 3207 1560 3251 -con·

391 3274 462 3339 silio
498 3274 559 3338 sibi
593 3275 686 3338 aliter
716 3279 817 3355 atque
849 3275 1023 3340 universae
1054 3276 1181 3357 patriae
1213 3275 1282 3339 utili
1314 3276 1456 3355 providit
1492 3274 1560 3360 [en-

392 3362 533 3448 emplo]:
566 3367 701 3444 recepta
731 3383 909 3443 namque.
936 3413 942 3428 .
967 3363 985 3428 .’
1019 3365 1060 3428 de
1093 3384 1128 3427 re
1162 3363 1228 3426 dixi
1262 3365 1327 3426 iam
1361 3363 1461 3428 Anat.
1487 3364 1563 3428 Tac.

497 3540 667 3605 Baehrens
697 3539 871 3604 lectionem
903 3541 990 3606 Bert.
1027 3562 1176 3606 oceanum
1205 3560 1266 3623 pro
1303 3547 1370 3605 tarn
1402 3543 1491 3623 gravi
1523 3562 1576 3607 ac·-

390 3629 595 3693 memorabili
620 3630 744 3704 habuit,
771 3635 807 3694 ut
831 3651 904 3694 eam
929 3651 969 3694 ex
983 3631 1110 3694 scribae
1134 3632 1271 3694 alicuius
1296 3630 1457 3695 cerebello
1482 3652 1562 3713 pro-

390 3719 509 3782 fectam
533 3723 670 3799 negaret
694 3724 725 3783 et
749 3724 945 3801 argumento
970 3739 1042 3783 esse
1067 3720 1284 3785 contenderet
1307 3721 1455 3784 codicem
1473 3721 1559 3786 Bert.

390 3826 459 3870 non
490 3827 530 3870 ex
557 3808 629 3889 ipso
653 3809 685 3870 M
710 3809 842 3873 duxisse
874 3809 1031 3888 originem
1065 3809 1118 3892 (cf.
1143 3809 1220 3872 edit.
1245 3828 1276 3887 p.
1301 3809 1399 3888 XIX).
1432 3811 1496 3874 hac
1527 3811 1561 3873 in

389 3915 424 3958 rc
448 3896 497 3958 vir
520 3897 638 3961 doctus
670 3916 737 3960 non
770 3899 877 3961 minus
910 3897 1029 3960 erravit
1054 3917 1154 3979 quam
1177 3897 1210 3960 in
1236 3899 1443 3962 aestimanda
1466 3899 1558 3962 lecti-

390 4003 454 4048 one
478 3984 564 4049 Bert.
589 3985 633 4050 Ill
656 3988 683 4049 5·
703 3987 790 4067 (106,
815 3987 849 4068 5)
875 3986 928 4050 ‘ad
962 3987 1201 4067 petendum
1234 3987 1373 4068 pacem'.
1407 4009 1485 4052 nam
1520 4008 1560 4051 ea

389 4074 551 4155 scriptura
574 4078 643 4138 tarn
666 4094 744 4138 vera
769 4076 796 4137 ei
822 4080 871 4138 est
887 4075 964 4149 visa,
989 4079 1025 4137 ut
1050 4081 1161 4156 spreta
1185 4077 1308 4140 codicis
1332 4078 1364 4139 M
1388 4071 1571 4154 1111111ο1111,Ξ

390 4182 476 4244 quae
503 4168 552 4226 est
576 4166 885 4244 ‘adpetendam
913 4164 1051 4242 pacem',
1067 4183 1140 4227 earn
1163 4165 1407 4242 inorationem
1431 4168 1570 4245 recipe·'

388 4257 448 4317 ret.
481 4272 562 4316 sane
586 4258 617 4316 et
640 4253 718 4316 inde
751 4252 948 4332 concludere
981 4252 1094 4316 studet
1124 4273 1191 4317 non
1216 4274 1255 4317 ex
1290 4255 1321 4317 M
1358 4255 1559 4333 descriptum

391 4361 463 4405 esse
488 4342 635 4406 codicem
660 4341 908 4405 Bertiniensem.
931 4343 965 4403 at
982 4360 1042 4420 ego
1068 4342 1165 4406 etiam
1189 4343 1253 4407 hoc
1271 4342 1442 4420 petendum
1466 4358 1559 4403 mero

389 4431 490 4493 errori
505 4431 631 4494 scribae
647 4429 769 4493 codicis
785 4429 997 4493 Bertiniensis
1020 4430 1233 4495 tribuendum
1257 4430 1431 4493 adfirmare
1449 4428 1568 4518 audeo¹

386 4537 449 4582 nec
466 4518 751 4599 comprobandum
768 4518 884 4582 editori
902 4518 1001 4581 fuisse
1020 4519 1098 4582 mihi
1114 4519 1310 4600 persuadeo.
1335 4537 1415 4581 nam
1430 4518 1557 4581 nullum

388 4607 550 4688 reperitur
579 4607 653 4671 talis
685 4608 937 4671 constructionis
970 4609 1061 4688 apud
1085 4609 1146 4671 hos
1169 4613 1318 4672 oratores
1351 4607 1558 4689 exemplum;
