<?xml version="1.0" encoding="UTF-8"?>
<!DOCTYPE html PUBLIC "-//W3C//DTD XHTML 1.0 Transitional//EN"
    "http://www.w3.org/TR/xhtml1/DTD/xhtml1-transitional.dtd">
<html xmlns="http://www.w3.org/1999/xhtml" xml:lang="en" lang="en">
 <head>
  <title>
</title>
<meta http-equiv="Content-Type" content="text/html;charset=utf-8" />
  <meta name='ocr-system' content='tesseract 3.04.00' />
  <meta name='ocr-capabilities' content='ocr_page ocr_carea ocr_par ocr_line ocrx_word'/>
</head>
<body>
  <div class='ocr_page' id='page_1' title='image "./inpanegyricosla00novgoog/inpanegyricosla00novgoog_0010.png"; bbox 0 0 3504 5248; ppageno 0'>
   <div class='ocr_carea' id='block_1_1' title="bbox 1405 426 1422 479">
    <p class='ocr_par' dir='ltr' id='par_1_1' title="bbox 1405 426 1422 479">
     <span class='ocr_line' id='line_1_1' title="bbox 1405 426 1422 479; baseline 0 0"><span class='ocrx_word' id='word_1_1' title='bbox 1405 426 1422 479; x_wconf 89' lang='lat'><strong>3</strong></span> 
     </span>
    </p>
   </div>
   <div class='ocr_carea' id='block_1_2' title="bbox 249 623 1420 970">
    <p class='ocr_par' dir='ltr' id='par_1_2' title="bbox 249 623 1420 970">
     <span class='ocr_line' id='line_1_2' title="bbox 251 623 1420 704; baseline -0.001 -17"><span class='ocrx_word' id='word_1_2' title='bbox 251 623 435 704; x_wconf 84' lang='lat' dir='ltr'>conquisivi</span> <span class='ocrx_word' id='word_1_3' title='bbox 466 641 692 704; x_wconf 88' lang='lat' dir='ltr'>magnumque</span> <span class='ocrx_word' id='word_1_4' title='bbox 715 642 891 687; x_wconf 89' lang='lat' dir='ltr'>numerum</span> <span class='ocrx_word' id='word_1_5' title='bbox 918 623 1068 688; x_wconf 87' lang='lat' dir='ltr'>locorum</span> <span class='ocrx_word' id='word_1_6' title='bbox 1092 627 1323 704; x_wconf 90' lang='lat' dir='ltr'>suspectorum</span> <span class='ocrx_word' id='word_1_7' title='bbox 1347 642 1420 686; x_wconf 93' lang='lat' dir='ltr'>cor-</span> 
     </span>
     <span class='ocr_line' id='line_1_3' title="bbox 249 712 1420 794; baseline 0.001 -21"><span class='ocrx_word' id='word_1_8' title='bbox 249 717 466 792; x_wconf 88' lang='lat' dir='ltr'>ruptorumve</span> <span class='ocrx_word' id='word_1_9' title='bbox 490 713 535 775; x_wconf 87' lang='lat' dir='ltr'>ita</span> <span class='ocrx_word' id='word_1_10' title='bbox 558 713 766 792; x_wconf 86' lang='lat' dir='ltr'>pertractavi.</span> <span class='ocrx_word' id='word_1_11' title='bbox 793 731 832 776; x_wconf 89' lang='lat' dir='ltr'>ea</span> <span class='ocrx_word' id='word_1_12' title='bbox 856 732 991 794; x_wconf 92' lang='lat' dir='ltr'>quoque</span> <span class='ocrx_word' id='word_1_13' title='bbox 1016 713 1206 776; x_wconf 85' lang='lat' dir='ltr'>adversaria</span> <span class='ocrx_word' id='word_1_14' title='bbox 1229 712 1305 775; x_wconf 91' lang='lat' dir='ltr'>huic</span> <span class='ocrx_word' id='word_1_15' title='bbox 1329 731 1420 775; x_wconf 89' lang='lat' dir='ltr'>com·</span> 
     </span>
     <span class='ocr_line' id='line_1_4' title="bbox 249 800 1419 882; baseline 0.001 -20"><span class='ocrx_word' id='word_1_16' title='bbox 249 801 445 864; x_wconf 89' lang='lat' dir='ltr'>mentationi</span> <span class='ocrx_word' id='word_1_17' title='bbox 478 801 660 864; x_wconf 81' lang='lat' dir='ltr'>admiscere</span> <span class='ocrx_word' id='word_1_18' title='bbox 691 800 825 882; x_wconf 82' lang='lat' dir='ltr'>placuit.</span> <span class='ocrx_word' id='word_1_19' title='bbox 858 802 941 865; x_wconf 88' lang='lat' dir='ltr'>haec</span> <span class='ocrx_word' id='word_1_20' title='bbox 973 801 1142 882; x_wconf 87' lang='lat' dir='ltr'>praefatus</span> <span class='ocrx_word' id='word_1_21' title='bbox 1174 803 1241 865; x_wconf 90' lang='lat' dir='ltr'>iam</span> <span class='ocrx_word' id='word_1_22' title='bbox 1274 802 1317 865; x_wconf 90' lang='lat' dir='ltr'>ad</span> <span class='ocrx_word' id='word_1_23' title='bbox 1350 821 1419 864; x_wconf 91' lang='lat' dir='ltr'>rem</span> 
     </span>
     <span class='ocr_line' id='line_1_5' title="bbox 249 889 435 970; baseline 0 -18"><span class='ocrx_word' id='word_1_24' title='bbox 249 889 435 970; x_wconf 88' lang='lat' dir='ltr'>adgredior.</span> 
     </span>
    </p>
   </div>
   <div class='ocr_carea' id='block_1_3' title="bbox 247 1244 1419 1594">
    <p class='ocr_par' dir='ltr' id='par_1_3' title="bbox 247 1244 1419 1594">
     <span class='ocr_line' id='line_1_6' title="bbox 355 1244 1419 1327; baseline 0.001 -19"><span class='ocrx_word' id='word_1_25' title='bbox 355 1247 404 1308; x_wconf 89' lang='lat' dir='ltr'>Ac</span> <span class='ocrx_word' id='word_1_26' title='bbox 427 1246 570 1326; x_wconf 91' lang='lat' dir='ltr'>primum</span> <span class='ocrx_word' id='word_1_27' title='bbox 602 1244 737 1326; x_wconf 90' lang='lat' dir='ltr'>quidem</span> <span class='ocrx_word' id='word_1_28' title='bbox 761 1245 802 1308; x_wconf 88' lang='lat' dir='ltr'>de</span> <span class='ocrx_word' id='word_1_29' title='bbox 828 1244 942 1309; x_wconf 89' lang='lat' dir='ltr'>codice</span> <span class='ocrx_word' id='word_1_30' title='bbox 973 1245 1170 1309; x_wconf 89' lang='lat' dir='ltr'>Bertiniensi</span> <span class='ocrx_word' id='word_1_31' title='bbox 1197 1245 1294 1310; x_wconf 91' lang='lat' dir='ltr'>nobis</span> <span class='ocrx_word' id='word_1_32' title='bbox 1319 1264 1419 1327; x_wconf 87' lang='lat' dir='ltr'>egen·</span> 
     </span>
     <span class='ocr_line' id='line_1_7' title="bbox 247 1333 1418 1416; baseline 0.002 -20"><span class='ocrx_word' id='word_1_33' title='bbox 247 1333 328 1396; x_wconf 89' lang='lat' dir='ltr'>dum</span> <span class='ocrx_word' id='word_1_34' title='bbox 346 1339 404 1401; x_wconf 87' lang='lat' dir='ltr'>est.</span> <span class='ocrx_word' id='word_1_35' title='bbox 430 1335 594 1416; x_wconf 89' lang='lat' dir='ltr'>siquidem</span> <span class='ocrx_word' id='word_1_36' title='bbox 609 1334 789 1407; x_wconf 86' lang='lat' dir='ltr'>Baehrens,</span> <span class='ocrx_word' id='word_1_37' title='bbox 816 1353 891 1398; x_wconf 89' lang='lat' dir='ltr'>oum</span> <span class='ocrx_word' id='word_1_38' title='bbox 907 1333 984 1398; x_wconf 88' lang='lat' dir='ltr'>fidei</span> <span class='ocrx_word' id='word_1_39' title='bbox 1001 1335 1070 1397; x_wconf 88' lang='lat' dir='ltr'>eius</span> <span class='ocrx_word' id='word_1_40' title='bbox 1094 1334 1234 1398; x_wconf 90' lang='lat' dir='ltr'>multum</span> <span class='ocrx_word' id='word_1_41' title='bbox 1250 1334 1418 1413; x_wconf 76' lang='lat' dir='ltr'>tribueret,</span> 
     </span>
     <span class='ocr_line' id='line_1_8' title="bbox 247 1422 1418 1505; baseline 0.003 -21"><span class='ocrx_word' id='word_1_42' title='bbox 247 1422 347 1486; x_wconf 86' lang='lat' dir='ltr'>falsas</span> <span class='ocrx_word' id='word_1_43' title='bbox 372 1443 411 1488; x_wconf 85' lang='lat' dir='ltr'>ex</span> <span class='ocrx_word' id='word_1_44' title='bbox 428 1443 468 1488; x_wconf 88' lang='lat' dir='ltr'>eo</span> <span class='ocrx_word' id='word_1_45' title='bbox 487 1423 713 1505; x_wconf 89' lang='lat' dir='ltr'>compluribus</span> <span class='ocrx_word' id='word_1_46' title='bbox 737 1423 817 1486; x_wconf 89' lang='lat' dir='ltr'>locis</span> <span class='ocrx_word' id='word_1_47' title='bbox 841 1423 970 1488; x_wconf 82' lang='lat' dir='ltr'>induxit</span> <span class='ocrx_word' id='word_1_48' title='bbox 993 1442 1074 1487; x_wconf 88' lang='lat' dir='ltr'>suae</span> <span class='ocrx_word' id='word_1_49' title='bbox 1099 1423 1234 1487; x_wconf 88' lang='lat' dir='ltr'>editioni</span> <span class='ocrx_word' id='word_1_50' title='bbox 1249 1423 1418 1488; x_wconf 88' lang='lat' dir='ltr'>lectiones.</span> 
     </span>
     <span class='ocr_line' id='line_1_9' title="bbox 247 1511 1419 1594; baseline 0.002 -20"><span class='ocrx_word' id='word_1_51' title='bbox 247 1511 443 1593; x_wconf 86' lang='lat' dir='ltr'>priusquam</span> <span class='ocrx_word' id='word_1_52' title='bbox 474 1511 676 1594; x_wconf 87' lang='lat' dir='ltr'>Upsaliensis</span> <span class='ocrx_word' id='word_1_53' title='bbox 701 1513 734 1575; x_wconf 90' lang='lat' dir='ltr'>in</span> <span class='ocrx_word' id='word_1_54' title='bbox 759 1512 866 1575; x_wconf 91' lang='lat' dir='ltr'>lucem</span> <span class='ocrx_word' id='word_1_55' title='bbox 898 1513 1155 1593; x_wconf 76' lang='lat' dir='ltr'>protraheretur,</span> <span class='ocrx_word' id='word_1_56' title='bbox 1185 1513 1322 1578; x_wconf 88' lang='lat' dir='ltr'>alicuius</span> <span class='ocrx_word' id='word_1_57' title='bbox 1346 1531 1419 1576; x_wconf 89' lang='lat' dir='ltr'>esse</span> 
     </span>
    </p>
   </div>
   <div class='ocr_carea' id='block_1_4' title="bbox 147 1601 1419 1683">
    <p class='ocr_par' dir='ltr' id='par_1_4' title="bbox 147 1601 1419 1683">
     <span class='ocr_line' id='line_1_10' title="bbox 147 1601 1419 1683; baseline -0.002 -17"><span class='ocrx_word' id='word_1_58' title='bbox 147 1659 149 1666; x_wconf 93' lang='lat'>.</span> <span class='ocrx_word' id='word_1_59' title='bbox 246 1603 406 1664; x_wconf 88' lang='lat' dir='ltr'>momenti</span> <span class='ocrx_word' id='word_1_60' title='bbox 429 1605 595 1683; x_wconf 88' lang='lat' dir='ltr'>poterant,</span> <span class='ocrx_word' id='word_1_61' title='bbox 619 1620 705 1682; x_wconf 92' lang='lat' dir='ltr'>quae</span> <span class='ocrx_word' id='word_1_62' title='bbox 729 1621 769 1665; x_wconf 86' lang='lat' dir='ltr'>ex</span> <span class='ocrx_word' id='word_1_63' title='bbox 793 1621 832 1665; x_wconf 93' lang='lat' dir='ltr'>eo</span> <span class='ocrx_word' id='word_1_64' title='bbox 851 1603 964 1666; x_wconf 90' lang='lat' dir='ltr'>codice</span> <span class='ocrx_word' id='word_1_65' title='bbox 982 1621 1001 1665; x_wconf 89' lang='lat' dir='ltr'>a</span> <span class='ocrx_word' id='word_1_66' title='bbox 1017 1601 1130 1666; x_wconf 84' lang='lat' dir='ltr'>Franc.</span> <span class='ocrx_word' id='word_1_67' title='bbox 1154 1603 1266 1666; x_wconf 92' lang='lat' dir='ltr'>Modio</span> <span class='ocrx_word' id='word_1_68' title='bbox 1284 1638 1325 1648; x_wconf 99' lang='lat'><em>-</em></span> <span class='ocrx_word' id='word_1_69' title='bbox 1341 1621 1419 1665; x_wconf 89' lang='lat' dir='ltr'>nam</span> 
     </span>
    </p>
   </div>
   <div class='ocr_carea' id='block_1_5' title="bbox 235 1690 1419 4708">
    <p class='ocr_par' dir='ltr' id='par_1_5' title="bbox 235 1690 1419 4708">
     <span class='ocr_line' id='line_1_11' title="bbox 246 1690 1419 1771; baseline 0.002 -19"><span class='ocrx_word' id='word_1_70' title='bbox 246 1690 318 1770; x_wconf 94' lang='lat' dir='ltr'>ipse</span> <span class='ocrx_word' id='word_1_71' title='bbox 336 1690 379 1754; x_wconf 89' lang='lat' dir='ltr'>ad</span> <span class='ocrx_word' id='word_1_72' title='bbox 395 1710 458 1754; x_wconf 90' lang='lat' dir='ltr'>nos</span> <span class='ocrx_word' id='word_1_73' title='bbox 474 1710 543 1755; x_wconf 91' lang='lat' dir='ltr'>non</span> <span class='ocrx_word' id='word_1_74' title='bbox 559 1691 709 1771; x_wconf 84' lang='lat' dir='ltr'>pervenit</span> <span class='ocrx_word' id='word_1_75' title='bbox 726 1727 759 1736; x_wconf 93' lang='lat'><em>-</em></span> <span class='ocrx_word' id='word_1_76' title='bbox 780 1695 873 1754; x_wconf 85' lang='lat' dir='ltr'>erant</span> <span class='ocrx_word' id='word_1_77' title='bbox 890 1694 1044 1766; x_wconf 80' lang='lat' dir='ltr'>enotata3</span> <span class='ocrx_word' id='word_1_78' title='bbox 1069 1709 1158 1755; x_wconf 90' lang='lat' dir='ltr'>nunc</span> <span class='ocrx_word' id='word_1_79' title='bbox 1173 1710 1252 1755; x_wconf 85' lang='lat' dir='ltr'>vero</span> <span class='ocrx_word' id='word_1_80' title='bbox 1272 1692 1419 1755; x_wconf 86' lang='lat' dir='ltr'>secunda</span> 
     </span>
     <span class='ocr_line' id='line_1_12' title="bbox 247 1771 1418 1861; baseline 0.003 -20"><span class='ocrx_word' id='word_1_81' title='bbox 247 1778 380 1843; x_wconf 87' lang='lat' dir='ltr'>fortuna</span> <span class='ocrx_word' id='word_1_82' title='bbox 402 1771 599 1861; x_wconf 83' lang='lat' dir='ltr'>recuperato</span> <span class='ocrx_word' id='word_1_83' title='bbox 615 1779 802 1861; x_wconf 89' lang='lat' dir='ltr'>Upsaliensi</span> <span class='ocrx_word' id='word_1_84' title='bbox 819 1783 949 1844; x_wconf 88' lang='lat' dir='ltr'>tantum</span> <span class='ocrx_word' id='word_1_85' title='bbox 973 1798 1041 1843; x_wconf 90' lang='lat' dir='ltr'>non</span> <span class='ocrx_word' id='word_1_86' title='bbox 1056 1779 1188 1843; x_wconf 90' lang='lat' dir='ltr'>inutiles</span> <span class='ocrx_word' id='word_1_87' title='bbox 1213 1786 1291 1844; x_wconf 91' lang='lat' dir='ltr'>sunt</span> <span class='ocrx_word' id='word_1_88' title='bbox 1314 1780 1418 1844; x_wconf 91' lang='lat' dir='ltr'>Berti-</span> 
     </span>
     <span class='ocr_line' id='line_1_13' title="bbox 245 1867 1417 1951; baseline 0.003 -22"><span class='ocrx_word' id='word_1_89' title='bbox 245 1869 369 1951; x_wconf 78' lang='lat' dir='ltr'>niensis</span> <span class='ocrx_word' id='word_1_90' title='bbox 394 1870 585 1950; x_wconf 88' lang='lat' dir='ltr'>scripturae,</span> <span class='ocrx_word' id='word_1_91' title='bbox 611 1869 775 1950; x_wconf 89' lang='lat' dir='ltr'>siquidem</span> <span class='ocrx_word' id='word_1_92' title='bbox 805 1887 882 1932; x_wconf 90' lang='lat' dir='ltr'>eum</span> <span class='ocrx_word' id='word_1_93' title='bbox 909 1873 966 1932; x_wconf 87' lang='lat' dir='ltr'>aut</span> <span class='ocrx_word' id='word_1_94' title='bbox 983 1888 1023 1932; x_wconf 83' lang='lat' dir='ltr'>ex</span> <span class='ocrx_word' id='word_1_95' title='bbox 1038 1867 1241 1949; x_wconf 85' lang='lat' dir='ltr'>Upsaliensis</span> <span class='ocrx_word' id='word_1_96' title='bbox 1266 1870 1417 1950; x_wconf 85' lang='lat' dir='ltr'>exemplo</span> 
     </span>
     <span class='ocr_line' id='line_1_14' title="bbox 246 1957 1416 2039; baseline 0.003 -20"><span class='ocrx_word' id='word_1_97' title='bbox 246 1957 280 2038; x_wconf 88' lang='lat' dir='ltr'>(i.</span> <span class='ocrx_word' id='word_1_98' title='bbox 293 1976 319 2020; x_wconf 90' lang='lat' dir='ltr'>e.</span> <span class='ocrx_word' id='word_1_99' title='bbox 333 1957 378 2038; x_wconf 88' lang='lat' dir='ltr'>M)</span> <span class='ocrx_word' id='word_1_100' title='bbox 395 1962 454 2021; x_wconf 88' lang='lat' dir='ltr'>aut</span> <span class='ocrx_word' id='word_1_101' title='bbox 470 1977 536 2039; x_wconf 93' lang='lat' dir='ltr'>quo</span> <span class='ocrx_word' id='word_1_102' title='bbox 551 1959 656 2038; x_wconf 89' lang='lat' dir='ltr'>magis</span> <span class='ocrx_word' id='word_1_103' title='bbox 678 1957 814 2021; x_wconf 90' lang='lat' dir='ltr'>inclinat</span> <span class='ocrx_word' id='word_1_104' title='bbox 829 1957 968 2034; x_wconf 89' lang='lat' dir='ltr'>animus,</span> <span class='ocrx_word' id='word_1_105' title='bbox 994 1977 1034 2021; x_wconf 83' lang='lat' dir='ltr'>ex</span> <span class='ocrx_word' id='word_1_106' title='bbox 1050 1957 1123 2037; x_wconf 92' lang='lat' dir='ltr'>ipso</span> <span class='ocrx_word' id='word_1_107' title='bbox 1147 1957 1333 2038; x_wconf 86' lang='lat' dir='ltr'>Upsaliensi</span> <span class='ocrx_word' id='word_1_108' title='bbox 1358 1958 1416 2022; x_wconf 90' lang='lat' dir='ltr'>de-</span> 
     </span>
     <span class='ocr_line' id='line_1_15' title="bbox 245 2046 1416 2128; baseline 0.003 -20"><span class='ocrx_word' id='word_1_109' title='bbox 245 2046 404 2126; x_wconf 88' lang='lat' dir='ltr'>scriptum</span> <span class='ocrx_word' id='word_1_110' title='bbox 428 2066 500 2109; x_wconf 91' lang='lat' dir='ltr'>esse</span> <span class='ocrx_word' id='word_1_111' title='bbox 525 2051 674 2127; x_wconf 86' lang='lat' dir='ltr'>apparet.</span> <span class='ocrx_word' id='word_1_112' title='bbox 706 2065 784 2109; x_wconf 85' lang='lat' dir='ltr'>narn</span> <span class='ocrx_word' id='word_1_113' title='bbox 808 2065 876 2110; x_wconf 90' lang='lat' dir='ltr'>non</span> <span class='ocrx_word' id='word_1_114' title='bbox 901 2050 951 2110; x_wconf 89' lang='lat' dir='ltr'>est</span> <span class='ocrx_word' id='word_1_115' title='bbox 974 2065 1099 2120; x_wconf 88' lang='lat' dir='ltr'>verum,</span> <span class='ocrx_word' id='word_1_116' title='bbox 1132 2047 1224 2128; x_wconf 90' lang='lat' dir='ltr'>quod</span> <span class='ocrx_word' id='word_1_117' title='bbox 1246 2047 1416 2111; x_wconf 88' lang='lat' dir='ltr'>Baehrens</span> 
     </span>
     <span class='ocr_line' id='line_1_16' title="bbox 245 2133 1417 2218; baseline 0.003 -22"><span class='ocrx_word' id='word_1_118' title='bbox 245 2135 278 2197; x_wconf 91' lang='lat' dir='ltr'>in</span> <span class='ocrx_word' id='word_1_119' title='bbox 302 2136 508 2214; x_wconf 85' lang='lat' dir='ltr'>praefatione</span> <span class='ocrx_word' id='word_1_120' title='bbox 533 2135 686 2216; x_wconf 87' lang='lat' dir='ltr'>editionis</span> <span class='ocrx_word' id='word_1_121' title='bbox 713 2153 794 2198; x_wconf 83' lang='lat' dir='ltr'>suae</span> <span class='ocrx_word' id='word_1_122' title='bbox 817 2154 850 2215; x_wconf 93' lang='lat' dir='ltr'>p.</span> <span class='ocrx_word' id='word_1_123' title='bbox 874 2133 935 2198; x_wconf 87' lang='lat' dir='ltr'>XX</span> <span class='ocrx_word' id='word_1_124' title='bbox 958 2135 1128 2198; x_wconf 89' lang='lat' dir='ltr'>contendit</span> <span class='ocrx_word' id='word_1_125' title='bbox 1152 2135 1300 2218; x_wconf 85' lang='lat' dir='ltr'>aliisque,</span> <span class='ocrx_word' id='word_1_126' title='bbox 1325 2136 1417 2217; x_wconf 92' lang='lat' dir='ltr'>quod</span> 
     </span>
     <span class='ocr_line' id='line_1_17' title="bbox 245 2223 1415 2304; baseline 0.003 -20"><span class='ocrx_word' id='word_1_127' title='bbox 245 2223 434 2285; x_wconf 90' lang='lat' dir='ltr'>mirandum</span> <span class='ocrx_word' id='word_1_128' title='bbox 457 2224 508 2300; x_wconf 88' lang='lat' dir='ltr'>sit,</span> <span class='ocrx_word' id='word_1_129' title='bbox 541 2223 713 2304; x_wconf 88' lang='lat' dir='ltr'>persuasit,</span> <span class='ocrx_word' id='word_1_130' title='bbox 746 2242 814 2286; x_wconf 91' lang='lat' dir='ltr'>non</span> <span class='ocrx_word' id='word_1_131' title='bbox 839 2242 878 2286; x_wconf 89' lang='lat' dir='ltr'>ex</span> <span class='ocrx_word' id='word_1_132' title='bbox 902 2223 943 2298; x_wconf 93' lang='grc' dir='ltr'>Μ,</span> <span class='ocrx_word' id='word_1_133' title='bbox 977 2224 1036 2288; x_wconf 92' lang='lat' dir='ltr'>sed</span> <span class='ocrx_word' id='word_1_134' title='bbox 1061 2243 1101 2287; x_wconf 82' lang='lat' dir='ltr'>ex</span> <span class='ocrx_word' id='word_1_135' title='bbox 1124 2224 1207 2288; x_wconf 90' lang='lat' dir='ltr'>libro</span> <span class='ocrx_word' id='word_1_136' title='bbox 1233 2225 1274 2288; x_wconf 91' lang='lat' dir='ltr'>ab</span> <span class='ocrx_word' id='word_1_137' title='bbox 1300 2245 1339 2288; x_wconf 91' lang='lat' dir='ltr'>eo</span> <span class='ocrx_word' id='word_1_138' title='bbox 1365 2225 1415 2288; x_wconf 92' lang='lat' dir='ltr'>di·</span> 
     </span>
     <span class='ocr_line' id='line_1_18' title="bbox 246 2311 1416 2394; baseline 0.004 -22"><span class='ocrx_word' id='word_1_139' title='bbox 246 2329 341 2374; x_wconf 89' lang='lat' dir='ltr'>verso</span> <span class='ocrx_word' id='word_1_140' title='bbox 367 2330 443 2374; x_wconf 90' lang='lat' dir='ltr'>eum</span> <span class='ocrx_word' id='word_1_141' title='bbox 474 2313 622 2376; x_wconf 86' lang='lat' dir='ltr'>codicem</span> <span class='ocrx_word' id='word_1_142' title='bbox 645 2313 784 2376; x_wconf 87' lang='lat' dir='ltr'>traxisse</span> <span class='ocrx_word' id='word_1_143' title='bbox 818 2311 988 2392; x_wconf 84' lang='lat' dir='ltr'>originem.</span> <span class='ocrx_word' id='word_1_144' title='bbox 1021 2312 1190 2394; x_wconf 87' lang='lat' dir='ltr'>adquam</span> <span class='ocrx_word' id='word_1_145' title='bbox 1218 2315 1416 2378; x_wconf 88' lang='lat' dir='ltr'>sententiam</span> 
     </span>
     <span class='ocr_line' id='line_1_19' title="bbox 246 2398 1416 2478; baseline 0.004 -17"><span class='ocrx_word' id='word_1_146' title='bbox 246 2398 510 2464; x_wconf 86' lang='lat' dir='ltr'>confirmandam</span> <span class='ocrx_word' id='word_1_147' title='bbox 533 2402 581 2464; x_wconf 90' lang='lat' dir='ltr'>vir</span> <span class='ocrx_word' id='word_1_148' title='bbox 605 2400 723 2465; x_wconf 88' lang='lat' dir='ltr'>doctus</span> <span class='ocrx_word' id='word_1_149' title='bbox 739 2401 822 2464; x_wconf 86' lang='lat' dir='ltr'>haec</span> <span class='ocrx_word' id='word_1_150' title='bbox 843 2401 977 2466; x_wconf 86' lang='lat' dir='ltr'>adtulit:</span> <span class='ocrx_word' id='word_1_151' title='bbox 1006 2402 1057 2478; x_wconf 82' lang='lat' dir='ltr'>,in</span> <span class='ocrx_word' id='word_1_152' title='bbox 1081 2403 1272 2466; x_wconf 90' lang='lat' dir='ltr'>universum</span> <span class='ocrx_word' id='word_1_153' title='bbox 1295 2403 1323 2466; x_wconf 91' lang='lat' dir='ltr'>si</span> <span class='ocrx_word' id='word_1_154' title='bbox 1345 2423 1416 2466; x_wconf 88' lang='lat' dir='ltr'>rem</span> 
     </span>
     <span class='ocr_line' id='line_1_20' title="bbox 246 2489 1414 2572; baseline 0.003 -22"><span class='ocrx_word' id='word_1_155' title='bbox 246 2494 445 2570; x_wconf 71' lang='lat' dir='ltr'>spectamus</span> <span class='ocrx_word' id='word_1_156' title='bbox 469 2489 552 2554; x_wconf 90' lang='lat' dir='ltr'>liber</span> <span class='ocrx_word' id='word_1_157' title='bbox 571 2490 783 2554; x_wconf 86' lang='lat' dir='ltr'>Bertiniensis</span> <span class='ocrx_word' id='word_1_158' title='bbox 807 2489 887 2554; x_wconf 87' lang='lat' dir='ltr'>locis</span> <span class='ocrx_word' id='word_1_159' title='bbox 911 2491 1077 2572; x_wconf 88' lang='lat' dir='ltr'>plerisque</span> <span class='ocrx_word' id='word_1_160' title='bbox 1102 2510 1177 2555; x_wconf 91' lang='lat' dir='ltr'>cum</span> <span class='ocrx_word' id='word_1_161' title='bbox 1193 2491 1224 2554; x_wconf 90' lang='lat' dir='ltr'><strong>M</strong></span> <span class='ocrx_word' id='word_1_162' title='bbox 1241 2494 1414 2570; x_wconf 89' lang='lat' dir='ltr'>consentit,</span> 
     </span>
     <span class='ocr_line' id='line_1_21' title="bbox 245 2578 1415 2661; baseline 0.003 -20"><span class='ocrx_word' id='word_1_163' title='bbox 245 2578 279 2642; x_wconf 93' lang='lat' dir='ltr'>id</span> <span class='ocrx_word' id='word_1_164' title='bbox 303 2580 395 2661; x_wconf 91' lang='lat' dir='ltr'>quod</span> <span class='ocrx_word' id='word_1_165' title='bbox 431 2580 529 2643; x_wconf 89' lang='lat' dir='ltr'>etiam</span> <span class='ocrx_word' id='word_1_166' title='bbox 562 2580 603 2642; x_wconf 89' lang='lat' dir='ltr'>de</span> <span class='ocrx_word' id='word_1_167' title='bbox 638 2581 683 2643; x_wconf 89' lang='lat' dir='ltr'>eis</span> <span class='ocrx_word' id='word_1_168' title='bbox 716 2580 838 2660; x_wconf 91' lang='lat' dir='ltr'>quibus</span> <span class='ocrx_word' id='word_1_169' title='bbox 872 2579 951 2643; x_wconf 92' lang='lat' dir='ltr'>nihil</span> <span class='ocrx_word' id='word_1_170' title='bbox 984 2599 1025 2644; x_wconf 83' lang='lat' dir='ltr'>ex</span> <span class='ocrx_word' id='word_1_171' title='bbox 1055 2579 1110 2644; x_wconf 94' lang='lat' dir='ltr'>illo</span> <span class='ocrx_word' id='word_1_172' title='bbox 1144 2581 1341 2645; x_wconf 88' lang='lat' dir='ltr'>adnotatum</span> <span class='ocrx_word' id='word_1_173' title='bbox 1366 2586 1415 2644; x_wconf 87' lang='lat' dir='ltr'>est</span> 
     </span>
     <span class='ocr_line' id='line_1_22' title="bbox 246 2667 1415 2751; baseline 0.002 -20"><span class='ocrx_word' id='word_1_174' title='bbox 246 2670 392 2731; x_wconf 88' lang='lat' dir='ltr'>statuere</span> <span class='ocrx_word' id='word_1_175' title='bbox 412 2668 495 2732; x_wconf 88' lang='lat' dir='ltr'>licet.</span> <span class='ocrx_word' id='word_1_176' title='bbox 533 2669 648 2732; x_wconf 90' lang='lat' dir='ltr'>insunt</span> <span class='ocrx_word' id='word_1_177' title='bbox 669 2673 782 2732; x_wconf 90' lang='lat' dir='ltr'>tamen</span> <span class='ocrx_word' id='word_1_178' title='bbox 806 2667 850 2731; x_wconf 92' lang='lat' dir='ltr'>illi</span> <span class='ocrx_word' id='word_1_179' title='bbox 872 2668 1031 2733; x_wconf 88' lang='lat' dir='ltr'>lectiones</span> <span class='ocrx_word' id='word_1_180' title='bbox 1057 2689 1117 2733; x_wconf 88' lang='lat' dir='ltr'>eae</span> <span class='ocrx_word' id='word_1_181' title='bbox 1134 2689 1231 2751; x_wconf 85' lang='lat' dir='ltr'>quae,</span> <span class='ocrx_word' id='word_1_182' title='bbox 1257 2669 1415 2751; x_wconf 86' lang='lat' dir='ltr'>quoniam</span> 
     </span>
     <span class='ocr_line' id='line_1_23' title="bbox 245 2757 1412 2839; baseline 0.002 -19"><span class='ocrx_word' id='word_1_183' title='bbox 245 2777 286 2820; x_wconf 86' lang='lat' dir='ltr'>ex</span> <span class='ocrx_word' id='word_1_184' title='bbox 321 2757 449 2821; x_wconf 89' lang='lat' dir='ltr'>scribae</span> <span class='ocrx_word' id='word_1_185' title='bbox 483 2757 637 2822; x_wconf 86' lang='lat' dir='ltr'>alicuius·</span> <span class='ocrx_word' id='word_1_186' title='bbox 654 2757 815 2823; x_wconf 87' lang='lat' dir='ltr'>cerebello</span> <span class='ocrx_word' id='word_1_187' title='bbox 848 2758 1016 2838; x_wconf 85' lang='lat' dir='ltr'>profectae</span> <span class='ocrx_word' id='word_1_188' title='bbox 1047 2778 1121 2822; x_wconf 88' lang='lat' dir='ltr'>esse</span> <span class='ocrx_word' id='word_1_189' title='bbox 1157 2777 1225 2822; x_wconf 92' lang='lat' dir='ltr'>non</span> <span class='ocrx_word' id='word_1_190' title='bbox 1260 2763 1412 2839; x_wconf 89' lang='lat' dir='ltr'>possunt,</span> 
     </span>
     <span class='ocr_line' id='line_1_24' title="bbox 245 2845 1412 2928; baseline 0.003 -20"><span class='ocrx_word' id='word_1_191' title='bbox 245 2845 336 2909; x_wconf 91' lang='lat' dir='ltr'>illum</span> <span class='ocrx_word' id='word_1_192' title='bbox 365 2866 433 2910; x_wconf 93' lang='lat' dir='ltr'>non</span> <span class='ocrx_word' id='word_1_193' title='bbox 458 2865 498 2910; x_wconf 83' lang='lat' dir='ltr'>ex</span> <span class='ocrx_word' id='word_1_194' title='bbox 520 2847 592 2928; x_wconf 91' lang='lat' dir='ltr'>ipso</span> <span class='ocrx_word' id='word_1_195' title='bbox 624 2847 656 2910; x_wconf 91' lang='lat' dir='ltr'><strong>M</strong></span> <span class='ocrx_word' id='word_1_196' title='bbox 681 2847 839 2927; x_wconf 82' lang='lat' dir='ltr'>originem</span> <span class='ocrx_word' id='word_1_197' title='bbox 872 2846 1006 2910; x_wconf 85' lang='lat' dir='ltr'>duxisse</span> <span class='ocrx_word' id='word_1_198' title='bbox 1031 2848 1200 2923; x_wconf 81' lang='lat' dir='ltr'>evincant3</span> <span class='ocrx_word' id='word_1_199' title='bbox 1231 2848 1268 2911; x_wconf 85' lang='lat' dir='ltr'>ci.</span> <span class='ocrx_word' id='word_1_200' title='bbox 1292 2867 1340 2911; x_wconf 77' lang='lat' dir='ltr'>er.</span> <span class='ocrx_word' id='word_1_201' title='bbox 1365 2867 1412 2928; x_wconf 90' lang='lat' dir='ltr'>gr.</span> 
     </span>
     <span class='ocr_line' id='line_1_25' title="bbox 244 2933 1412 3017; baseline 0.001 -18"><span class='ocrx_word' id='word_1_202' title='bbox 244 2955 275 3016; x_wconf 91' lang='lat' dir='ltr'>p.</span> <span class='ocrx_word' id='word_1_203' title='bbox 299 2935 352 3012; x_wconf 82' lang='lat'>93,</span> <span class='ocrx_word' id='word_1_204' title='bbox 381 2936 421 2999; x_wconf 89' lang='lat'>18</span> <span class='ocrx_word' id='word_1_205' title='bbox 455 2935 638 2999; x_wconf 83' lang='lat' dir='ltr'>‘oceanum’</span> <span class='ocrx_word' id='word_1_206' title='bbox 670 2933 774 2999; x_wconf 77' lang='lat' dir='ltr'>Bert:</span> <span class='ocrx_word' id='word_1_207' title='bbox 809 2954 874 2998; x_wconf 90' lang='lat' dir='ltr'>om.</span> <span class='ocrx_word' id='word_1_208' title='bbox 911 2936 959 3010; x_wconf 80' lang='lat' dir='ltr'>M3</span> <span class='ocrx_word' id='word_1_209' title='bbox 994 2955 1025 3016; x_wconf 90' lang='lat' dir='ltr'>p.</span> <span class='ocrx_word' id='word_1_210' title='bbox 1061 2937 1133 3013; x_wconf 90' lang='grc'>106,</span> <span class='ocrx_word' id='word_1_211' title='bbox 1166 2937 1412 3017; x_wconf 87' lang='lat' dir='ltr'>5‘petendum&#39;</span> 
     </span>
     <span class='ocr_line' id='line_1_26' title="bbox 243 3021 1412 3108; baseline 0.002 -21"><span class='ocrx_word' id='word_1_212' title='bbox 243 3021 353 3089; x_wconf 75' lang='lat' dir='ltr'>Bertt</span> <span class='ocrx_word' id='word_1_213' title='bbox 379 3024 577 3105; x_wconf 80' lang='lat' dir='ltr'>‘petendam’</span> <span class='ocrx_word' id='word_1_214' title='bbox 594 3025 643 3100; x_wconf 89' lang='lat' dir='ltr'>M;</span> <span class='ocrx_word' id='word_1_215' title='bbox 665 3045 698 3106; x_wconf 93' lang='lat' dir='ltr'>p.</span> <span class='ocrx_word' id='word_1_216' title='bbox 718 3024 790 3102; x_wconf 87' lang='lat'>135,</span> <span class='ocrx_word' id='word_1_217' title='bbox 808 3024 850 3088; x_wconf 73' lang='lat'>⁶26</span> <span class='ocrx_word' id='word_1_218' title='bbox 869 3023 991 3088; x_wconf 79' lang='lat' dir='ltr'>‘fecisti&#39;</span> <span class='ocrx_word' id='word_1_219' title='bbox 1015 3022 1124 3089; x_wconf 76' lang='lat' dir='ltr'>Bertt</span> <span class='ocrx_word' id='word_1_220' title='bbox 1150 3025 1277 3089; x_wconf 80' lang='lat' dir='ltr'>‘uicisti&#39;</span> <span class='ocrx_word' id='word_1_221' title='bbox 1303 3025 1355 3102; x_wconf 92' lang='lat' dir='ltr'>M;</span> <span class='ocrx_word' id='word_1_222' title='bbox 1380 3046 1412 3108; x_wconf 90' lang='lat' dir='ltr'>p.</span> 
     </span>
     <span class='ocr_line' id='line_1_27' title="bbox 248 3111 1413 3195; baseline 0.004 -21"><span class='ocrx_word' id='word_1_223' title='bbox 248 3112 320 3190; x_wconf 78' lang='lat'>141,</span> <span class='ocrx_word' id='word_1_224' title='bbox 353 3113 395 3175; x_wconf 72' lang='grc'>16</span> <span class='ocrx_word' id='word_1_225' title='bbox 420 3113 538 3176; x_wconf 88' lang='lat' dir='ltr'>‘laude’</span> <span class='ocrx_word' id='word_1_226' title='bbox 557 3111 666 3178; x_wconf 80' lang='lat' dir='ltr'>Bert:</span> <span class='ocrx_word' id='word_1_227' title='bbox 699 3120 777 3194; x_wconf 87' lang='lat' dir='ltr'>‘rep</span> <span class='ocrx_word' id='word_1_228' title='bbox 803 3113 911 3177; x_wconf 87' lang='lat' dir='ltr'>laude&#39;</span> <span class='ocrx_word' id='word_1_229' title='bbox 937 3113 968 3176; x_wconf 92' lang='lat' dir='ltr'><strong>M</strong></span> <span class='ocrx_word' id='word_1_230' title='bbox 993 3133 1033 3177; x_wconf 87' lang='lat' dir='ltr'>ex</span> <span class='ocrx_word' id='word_1_231' title='bbox 1057 3113 1311 3195; x_wconf 79' lang='lat' dir='ltr'>dittographia“.</span> <span class='ocrx_word' id='word_1_232' title='bbox 1335 3134 1413 3179; x_wconf 89' lang='lat' dir='ltr'>raro</span> 
     </span>
     <span class='ocr_line' id='line_1_28' title="bbox 244 3200 1411 3283; baseline 0.001 -19"><span class='ocrx_word' id='word_1_233' title='bbox 244 3200 327 3264; x_wconf 88' lang='lat' dir='ltr'>alias</span> <span class='ocrx_word' id='word_1_234' title='bbox 352 3201 530 3282; x_wconf 89' lang='lat' dir='ltr'>quisquam</span> <span class='ocrx_word' id='word_1_235' title='bbox 553 3203 764 3267; x_wconf 86' lang='lat' dir='ltr'>futtilioribus</span> <span class='ocrx_word' id='word_1_236' title='bbox 792 3203 994 3283; x_wconf 83' lang='lat' dir='ltr'>argumentis</span> <span class='ocrx_word' id='word_1_237' title='bbox 1018 3203 1210 3283; x_wconf 84' lang='lat' dir='ltr'>opinionem</span> <span class='ocrx_word' id='word_1_238' title='bbox 1233 3222 1329 3267; x_wconf 86' lang='lat' dir='ltr'>suam</span> <span class='ocrx_word' id='word_1_239' title='bbox 1353 3203 1411 3266; x_wconf 94' lang='lat' dir='ltr'>de-</span> 
     </span>
     <span class='ocr_line' id='line_1_29' title="bbox 244 3291 1412 3374; baseline 0.002 -21"><span class='ocrx_word' id='word_1_240' title='bbox 244 3294 429 3354; x_wconf 89' lang='lat' dir='ltr'>monstrare</span> <span class='ocrx_word' id='word_1_241' title='bbox 453 3295 591 3354; x_wconf 87' lang='lat' dir='ltr'>conatus</span> <span class='ocrx_word' id='word_1_242' title='bbox 616 3296 666 3355; x_wconf 89' lang='lat' dir='ltr'>est</span> <span class='ocrx_word' id='word_1_243' title='bbox 689 3311 790 3374; x_wconf 86' lang='lat' dir='ltr'>quam</span> <span class='ocrx_word' id='word_1_244' title='bbox 805 3291 973 3355; x_wconf 90' lang='lat' dir='ltr'>Baehrens</span> <span class='ocrx_word' id='word_1_245' title='bbox 998 3291 1086 3355; x_wconf 88' lang='lat' dir='ltr'>illam</span> <span class='ocrx_word' id='word_1_246' title='bbox 1101 3292 1309 3355; x_wconf 89' lang='lat' dir='ltr'>sententiam.</span> <span class='ocrx_word' id='word_1_247' title='bbox 1334 3312 1412 3356; x_wconf 90' lang='lat' dir='ltr'>nam</span> 
     </span>
     <span class='ocr_line' id='line_1_30' title="bbox 245 3380 1412 3461; baseline 0.003 -20"><span class='ocrx_word' id='word_1_248' title='bbox 245 3380 315 3456; x_wconf 90' lang='lat' dir='ltr'>loci,</span> <span class='ocrx_word' id='word_1_249' title='bbox 350 3399 435 3460; x_wconf 88' lang='lat' dir='ltr'>quos</span> <span class='ocrx_word' id='word_1_250' title='bbox 460 3380 576 3456; x_wconf 87' lang='lat' dir='ltr'>attulit,</span> <span class='ocrx_word' id='word_1_251' title='bbox 609 3399 745 3461; x_wconf 89' lang='lat' dir='ltr'>prorsus</span> <span class='ocrx_word' id='word_1_252' title='bbox 770 3380 847 3443; x_wconf 91' lang='lat' dir='ltr'>nihil</span> <span class='ocrx_word' id='word_1_253' title='bbox 873 3381 1036 3444; x_wconf 87' lang='lat' dir='ltr'>evincunt.</span> <span class='ocrx_word' id='word_1_254' title='bbox 1063 3381 1184 3444; x_wconf 89' lang='lat' dir='ltr'>etenim</span> <span class='ocrx_word' id='word_1_255' title='bbox 1208 3400 1356 3444; x_wconf 78' lang='lat' dir='ltr'>oceanum</span> <span class='ocrx_word' id='word_1_256' title='bbox 1380 3386 1412 3444; x_wconf 92' lang='lat' dir='ltr'>et</span> 
     </span>
     <span class='ocr_line' id='line_1_31' title="bbox 235 3469 1410 3548; baseline 0.002 -17"><span class='ocrx_word' id='word_1_257' title='bbox 235 3469 407 3548; x_wconf 78' lang='lat' dir='ltr'>petendum</span> <span class='ocrx_word' id='word_1_258' title='bbox 437 3470 519 3533; x_wconf 84' lang='lat' dir='ltr'>meri</span> <span class='ocrx_word' id='word_1_259' title='bbox 544 3474 621 3533; x_wconf 90' lang='lat' dir='ltr'>sunt</span> <span class='ocrx_word' id='word_1_260' title='bbox 652 3469 774 3534; x_wconf 86' lang='lat' dir='ltr'>librarii</span> <span class='ocrx_word' id='word_1_261' title='bbox 806 3488 943 3548; x_wconf 87' lang='lat' dir='ltr'>errores,</span> <span class='ocrx_word' id='word_1_262' title='bbox 977 3474 1013 3534; x_wconf 86' lang='lat' dir='ltr'>ut</span> <span class='ocrx_word' id='word_1_263' title='bbox 1035 3469 1120 3533; x_wconf 81' lang='lat' dir='ltr'>inira</span> <span class='ocrx_word' id='word_1_264' title='bbox 1144 3471 1338 3545; x_wconf 81' lang='lat' dir='ltr'>ostendam3</span> <span class='ocrx_word' id='word_1_265' title='bbox 1361 3469 1410 3548; x_wconf 82' lang='lat' dir='ltr'>fe·</span> 
     </span>
     <span class='ocr_line' id='line_1_32' title="bbox 243 3557 1412 3635; baseline 0.002 -15"><span class='ocrx_word' id='word_1_266' title='bbox 243 3557 315 3621; x_wconf 70' lang='lat' dir='ltr'>cisti</span> <span class='ocrx_word' id='word_1_267' title='bbox 339 3562 492 3634; x_wconf 89' lang='lat' dir='ltr'>nonest,</span> <span class='ocrx_word' id='word_1_268' title='bbox 516 3563 553 3622; x_wconf 91' lang='lat' dir='ltr'>ut</span> <span class='ocrx_word' id='word_1_269' title='bbox 576 3560 654 3622; x_wconf 90' lang='lat' dir='ltr'>item</span> <span class='ocrx_word' id='word_1_270' title='bbox 668 3578 745 3622; x_wconf 89' lang='lat' dir='ltr'>mox</span> <span class='ocrx_word' id='word_1_271' title='bbox 761 3559 878 3635; x_wconf 87' lang='lat' dir='ltr'>dicam,</span> <span class='ocrx_word' id='word_1_272' title='bbox 904 3565 993 3623; x_wconf 89' lang='lat' dir='ltr'>certa</span> <span class='ocrx_word' id='word_1_273' title='bbox 1018 3559 1206 3622; x_wconf 88' lang='lat' dir='ltr'>emendatio</span> <span class='ocrx_word' id='word_1_274' title='bbox 1232 3559 1330 3622; x_wconf 87' lang='lat' dir='ltr'>etad</span> <span class='ocrx_word' id='word_1_275' title='bbox 1355 3559 1412 3623; x_wconf 88' lang='lat' dir='ltr'>de-</span> 
     </span>
     <span class='ocr_line' id='line_1_33' title="bbox 241 3646 1408 3729; baseline 0.001 -20"><span class='ocrx_word' id='word_1_276' title='bbox 241 3646 378 3711; x_wconf 89' lang='lat' dir='ltr'>lendum</span> <span class='ocrx_word' id='word_1_277' title='bbox 401 3667 466 3726; x_wconf 81' lang='lat' dir='ltr'>rep.</span> <span class='ocrx_word' id='word_1_278' title='bbox 492 3648 738 3729; x_wconf 88' lang='lat' dir='ltr'>dittographum</span> <span class='ocrx_word' id='word_1_279' title='bbox 762 3667 829 3711; x_wconf 93' lang='lat' dir='ltr'>non</span> <span class='ocrx_word' id='word_1_280' title='bbox 853 3667 974 3728; x_wconf 90' lang='lat' dir='ltr'>magno</span> <span class='ocrx_word' id='word_1_281' title='bbox 998 3647 1131 3712; x_wconf 91' lang='lat' dir='ltr'>hercule</span> <span class='ocrx_word' id='word_1_282' title='bbox 1156 3667 1241 3728; x_wconf 91' lang='lat' dir='ltr'>opus</span> <span class='ocrx_word' id='word_1_283' title='bbox 1266 3650 1337 3711; x_wconf 88' lang='lat' dir='ltr'>erat</span> <span class='ocrx_word' id='word_1_284' title='bbox 1359 3649 1408 3711; x_wconf 93' lang='lat' dir='ltr'>in·</span> 
     </span>
     <span class='ocr_line' id='line_1_34' title="bbox 240 3736 1411 3816; baseline 0.001 -17"><span class='ocrx_word' id='word_1_285' title='bbox 240 3737 326 3816; x_wconf 81' lang='lat' dir='ltr'>genii</span> <span class='ocrx_word' id='word_1_286' title='bbox 359 3737 520 3801; x_wconf 86' lang='lat' dir='ltr'>acumine.</span> <span class='ocrx_word' id='word_1_287' title='bbox 553 3737 612 3801; x_wconf 91' lang='lat' dir='ltr'>sed</span> <span class='ocrx_word' id='word_1_288' title='bbox 637 3756 678 3800; x_wconf 90' lang='lat' dir='ltr'>ne</span> <span class='ocrx_word' id='word_1_289' title='bbox 703 3738 786 3800; x_wconf 88' lang='lat' dir='ltr'>aliae</span> <span class='ocrx_word' id='word_1_290' title='bbox 818 3736 953 3816; x_wconf 89' lang='lat' dir='ltr'>quidem</span> <span class='ocrx_word' id='word_1_291' title='bbox 984 3736 1198 3800; x_wconf 83' lang='lat' dir='ltr'>Bertiniensis</span> <span class='ocrx_word' id='word_1_292' title='bbox 1230 3737 1411 3816; x_wconf 88' lang='lat' dir='ltr'>scripturae</span> 
     </span>
     <span class='ocr_line' id='line_1_35' title="bbox 242 3825 1411 3907; baseline 0 -19"><span class='ocrx_word' id='word_1_293' title='bbox 242 3844 301 3888; x_wconf 86' lang='lat' dir='ltr'>eae</span> <span class='ocrx_word' id='word_1_294' title='bbox 326 3829 412 3901; x_wconf 89' lang='lat' dir='ltr'>sunt,</span> <span class='ocrx_word' id='word_1_295' title='bbox 446 3845 532 3907; x_wconf 88' lang='lat' dir='ltr'>quae</span> <span class='ocrx_word' id='word_1_296' title='bbox 565 3827 608 3889; x_wconf 89' lang='lat' dir='ltr'>ad</span> <span class='ocrx_word' id='word_1_297' title='bbox 632 3826 732 3890; x_wconf 89' lang='lat' dir='ltr'>alium</span> <span class='ocrx_word' id='word_1_298' title='bbox 764 3844 802 3888; x_wconf 89' lang='lat' dir='ltr'>ac</span> <span class='ocrx_word' id='word_1_299' title='bbox 834 3825 865 3887; x_wconf 96' lang='lat' dir='ltr'><strong>M</strong></span> <span class='ocrx_word' id='word_1_300' title='bbox 897 3828 1047 3905; x_wconf 87' lang='lat' dir='ltr'>spectent</span> <span class='ocrx_word' id='word_1_301' title='bbox 1071 3825 1227 3889; x_wconf 90' lang='lat' dir='ltr'>codicem.</span> <span class='ocrx_word' id='word_1_302' title='bbox 1251 3844 1329 3888; x_wconf 86' lang='lat' dir='ltr'>narn</span> <span class='ocrx_word' id='word_1_303' title='bbox 1353 3831 1411 3889; x_wconf 86' lang='lat' dir='ltr'>aut</span> 
     </span>
     <span class='ocr_line' id='line_1_36' title="bbox 240 3912 1410 3979; baseline 0.001 -2"><span class='ocrx_word' id='word_1_304' title='bbox 240 3933 317 3978; x_wconf 88' lang='lat' dir='ltr'>cum</span> <span class='ocrx_word' id='word_1_305' title='bbox 352 3935 391 3978; x_wconf 90' lang='lat' dir='ltr'>eo</span> <span class='ocrx_word' id='word_1_306' title='bbox 414 3917 495 3978; x_wconf 89' lang='lat' dir='ltr'>mire</span> <span class='ocrx_word' id='word_1_307' title='bbox 530 3916 740 3979; x_wconf 88' lang='lat' dir='ltr'>consentiunt</span> <span class='ocrx_word' id='word_1_308' title='bbox 776 3917 833 3977; x_wconf 88' lang='lat' dir='ltr'>aut</span> <span class='ocrx_word' id='word_1_309' title='bbox 864 3912 906 3976; x_wconf 85' lang='lat' dir='ltr'>ab</span> <span class='ocrx_word' id='word_1_310' title='bbox 941 3912 1073 3976; x_wconf 88' lang='lat' dir='ltr'>librario</span> <span class='ocrx_word' id='word_1_311' title='bbox 1109 3913 1304 3979; x_wconf 88' lang='lat' dir='ltr'>lectionibus</span> <span class='ocrx_word' id='word_1_312' title='bbox 1340 3915 1410 3978; x_wconf 81' lang='lat' dir='ltr'>eiua</span> 
     </span>
     <span class='ocr_line' id='line_1_37' title="bbox 239 4003 1410 4084; baseline 0 -18"><span class='ocrx_word' id='word_1_313' title='bbox 239 4007 355 4067; x_wconf 85' lang='lat' dir='ltr'>utente</span> <span class='ocrx_word' id='word_1_314' title='bbox 369 4003 533 4084; x_wconf 87' lang='lat' dir='ltr'>proficisci</span> <span class='ocrx_word' id='word_1_315' title='bbox 555 4005 648 4068; x_wconf 87' lang='lat' dir='ltr'>facile</span> <span class='ocrx_word' id='word_1_316' title='bbox 672 4006 837 4084; x_wconf 88' lang='lat' dir='ltr'>poterant.</span> <span class='ocrx_word' id='word_1_317' title='bbox 869 4006 966 4077; x_wconf 85' lang='lat' dir='ltr'>certe,</span> <span class='ocrx_word' id='word_1_318' title='bbox 992 4003 1084 4083; x_wconf 90' lang='lat' dir='ltr'>quod</span> <span class='ocrx_word' id='word_1_319' title='bbox 1106 4003 1286 4084; x_wconf 91' lang='lat' dir='ltr'>plurimum</span> <span class='ocrx_word' id='word_1_320' title='bbox 1310 4003 1410 4079; x_wconf 88' lang='lat' dir='ltr'>valet,</span> 
     </span>
     <span class='ocr_line' id='line_1_38' title="bbox 241 4090 1408 4174; baseline 0.002 -19"><span class='ocrx_word' id='word_1_321' title='bbox 241 4092 367 4156; x_wconf 89' lang='lat' dir='ltr'>nullam</span> <span class='ocrx_word' id='word_1_322' title='bbox 388 4112 428 4156; x_wconf 85' lang='lat' dir='ltr'>ex</span> <span class='ocrx_word' id='word_1_323' title='bbox 449 4093 488 4156; x_wconf 88' lang='lat' dir='ltr'>iis</span> <span class='ocrx_word' id='word_1_324' title='bbox 504 4112 590 4174; x_wconf 89' lang='lat' dir='ltr'>quae</span> <span class='ocrx_word' id='word_1_325' title='bbox 608 4098 685 4157; x_wconf 90' lang='lat' dir='ltr'>sunt</span> <span class='ocrx_word' id='word_1_326' title='bbox 708 4093 741 4155; x_wconf 91' lang='lat' dir='ltr'>in</span> <span class='ocrx_word' id='word_1_327' title='bbox 765 4091 797 4155; x_wconf 97' lang='lat' dir='ltr'><strong>M</strong></span> <span class='ocrx_word' id='word_1_328' title='bbox 820 4091 947 4154; x_wconf 88' lang='lat' dir='ltr'>lacunis</span> <span class='ocrx_word' id='word_1_329' title='bbox 963 4090 1105 4172; x_wconf 84' lang='lat' dir='ltr'>explent,</span> <span class='ocrx_word' id='word_1_330' title='bbox 1131 4093 1275 4172; x_wconf 83' lang='lat' dir='ltr'>exceptis</span> <span class='ocrx_word' id='word_1_331' title='bbox 1292 4093 1408 4173; x_wconf 87' lang='lat' dir='ltr'>paucis</span> 
     </span>
     <span class='ocr_line' id='line_1_39' title="bbox 240 4180 1408 4263; baseline 0 -19"><span class='ocrx_word' id='word_1_332' title='bbox 240 4182 375 4257; x_wconf 87' lang='lat' dir='ltr'>voculis,</span> <span class='ocrx_word' id='word_1_333' title='bbox 401 4180 556 4255; x_wconf 76' lang='lat' dir='ltr'>velutin,</span> <span class='ocrx_word' id='word_1_334' title='bbox 579 4185 635 4256; x_wconf 83' lang='lat' dir='ltr'>sel,</span> <span class='ocrx_word' id='word_1_335' title='bbox 660 4185 698 4259; x_wconf 82' lang='lat' dir='ltr'>et,</span> <span class='ocrx_word' id='word_1_336' title='bbox 723 4199 810 4263; x_wconf 88' lang='lat' dir='ltr'>quae</span> <span class='ocrx_word' id='word_1_337' title='bbox 834 4180 985 4244; x_wconf 90' lang='lat' dir='ltr'>librarius</span> <span class='ocrx_word' id='word_1_338' title='bbox 1006 4200 1045 4244; x_wconf 86' lang='lat' dir='ltr'>ex</span> <span class='ocrx_word' id='word_1_339' title='bbox 1065 4181 1197 4262; x_wconf 90' lang='lat' dir='ltr'>ingenio</span> <span class='ocrx_word' id='word_1_340' title='bbox 1222 4201 1303 4246; x_wconf 90' lang='lat' dir='ltr'>sane</span> <span class='ocrx_word' id='word_1_341' title='bbox 1327 4201 1408 4263; x_wconf 91' lang='lat' dir='ltr'>sup-</span> 
     </span>
     <span class='ocr_line' id='line_1_40' title="bbox 239 4269 1407 4352; baseline 0.001 -20"><span class='ocrx_word' id='word_1_342' title='bbox 239 4269 330 4351; x_wconf 90' lang='lat' dir='ltr'>plere</span> <span class='ocrx_word' id='word_1_343' title='bbox 354 4270 472 4352; x_wconf 91' lang='lat' dir='ltr'>potuit.</span> <span class='ocrx_word' id='word_1_344' title='bbox 507 4271 649 4334; x_wconf 84' lang='lat' dir='ltr'>maxima</span> <span class='ocrx_word' id='word_1_345' title='bbox 672 4275 784 4334; x_wconf 87' lang='lat' dir='ltr'>tamen</span> <span class='ocrx_word' id='word_1_346' title='bbox 817 4274 865 4333; x_wconf 91' lang='lat' dir='ltr'>est</span> <span class='ocrx_word' id='word_1_347' title='bbox 890 4269 1086 4334; x_wconf 86' lang='lat' dir='ltr'>Bertiniensi</span> <span class='ocrx_word' id='word_1_348' title='bbox 1110 4290 1186 4333; x_wconf 87' lang='lat' dir='ltr'>cum</span> <span class='ocrx_word' id='word_1_349' title='bbox 1208 4272 1237 4334; x_wconf 88' lang='lat' dir='ltr'><strong>A</strong></span> <span class='ocrx_word' id='word_1_350' title='bbox 1260 4271 1407 4334; x_wconf 89' lang='lat' dir='ltr'>necessi-</span> 
     </span>
     <span class='ocr_line' id='line_1_41' title="bbox 239 4357 1409 4440; baseline 0 -18"><span class='ocrx_word' id='word_1_351' title='bbox 239 4359 331 4424; x_wconf 91' lang='lat' dir='ltr'>tudo.</span> <span class='ocrx_word' id='word_1_352' title='bbox 364 4379 442 4424; x_wconf 89' lang='lat' dir='ltr'>narn</span> <span class='ocrx_word' id='word_1_353' title='bbox 476 4360 526 4423; x_wconf 84' lang='lat' dir='ltr'>vel</span> <span class='ocrx_word' id='word_1_354' title='bbox 561 4360 624 4423; x_wconf 87' lang='lat'>150</span> <span class='ocrx_word' id='word_1_355' title='bbox 654 4359 734 4424; x_wconf 91' lang='lat' dir='ltr'>locis</span> <span class='ocrx_word' id='word_1_356' title='bbox 766 4359 935 4440; x_wconf 87' lang='lat' dir='ltr'>conspirat</span> <span class='ocrx_word' id='word_1_357' title='bbox 966 4378 1041 4422; x_wconf 90' lang='lat' dir='ltr'>cum</span> <span class='ocrx_word' id='word_1_358' title='bbox 1072 4378 1123 4433; x_wconf 90' lang='lat' dir='ltr'>eo,</span> <span class='ocrx_word' id='word_1_359' title='bbox 1155 4359 1213 4423; x_wconf 92' lang='lat' dir='ltr'>ubi</span> <span class='ocrx_word' id='word_1_360' title='bbox 1243 4357 1346 4422; x_wconf 86' lang='lat' dir='ltr'>altera</span> <span class='ocrx_word' id='word_1_361' title='bbox 1377 4359 1409 4422; x_wconf 95' lang='lat' dir='ltr'><strong>M</strong></span> 
     </span>
     <span class='ocr_line' id='line_1_42' title="bbox 240 4447 1408 4530; baseline -0.002 -19"><span class='ocrx_word' id='word_1_362' title='bbox 240 4450 338 4530; x_wconf 86' lang='lat' dir='ltr'>stirps</span> <span class='ocrx_word' id='word_1_363' title='bbox 363 4449 463 4513; x_wconf 89' lang='lat' dir='ltr'>aliam</span> <span class='ocrx_word' id='word_1_364' title='bbox 485 4449 624 4530; x_wconf 88' lang='lat' dir='ltr'>praebet</span> <span class='ocrx_word' id='word_1_365' title='bbox 646 4448 832 4512; x_wconf 90' lang='lat' dir='ltr'>lectionem.</span> <span class='ocrx_word' id='word_1_366' title='bbox 858 4467 961 4529; x_wconf 87' lang='lat' dir='ltr'>quare</span> <span class='ocrx_word' id='word_1_367' title='bbox 979 4468 1046 4512; x_wconf 92' lang='lat' dir='ltr'>non</span> <span class='ocrx_word' id='word_1_368' title='bbox 1063 4448 1181 4512; x_wconf 87' lang='lat' dir='ltr'>mirum</span> <span class='ocrx_word' id='word_1_369' title='bbox 1205 4447 1255 4525; x_wconf 89' lang='lat' dir='ltr'>sit,</span> <span class='ocrx_word' id='word_1_370' title='bbox 1280 4447 1307 4509; x_wconf 91' lang='lat' dir='ltr'>si</span> <span class='ocrx_word' id='word_1_371' title='bbox 1332 4466 1408 4510; x_wconf 90' lang='lat' dir='ltr'>eum</span> 
     </span>
     <span class='ocr_line' id='line_1_43' title="bbox 239 4535 1407 4619; baseline -0.001 -18"><span class='ocrx_word' id='word_1_372' title='bbox 239 4537 444 4619; x_wconf 83' lang='lat' dir='ltr'>Upseliensis</span> <span class='ocrx_word' id='word_1_373' title='bbox 475 4539 610 4619; x_wconf 88' lang='lat' dir='ltr'>stirpem</span> <span class='ocrx_word' id='word_1_374' title='bbox 644 4557 716 4602; x_wconf 88' lang='lat' dir='ltr'>esse</span> <span class='ocrx_word' id='word_1_375' title='bbox 741 4537 881 4612; x_wconf 77' lang='lat' dir='ltr'>dixeris3</span> <span class='ocrx_word' id='word_1_376' title='bbox 918 4541 1005 4601; x_wconf 89' lang='lat' dir='ltr'>certe</span> <span class='ocrx_word' id='word_1_377' title='bbox 1030 4555 1106 4602; x_wconf 87' lang='lat' dir='ltr'>vero</span> <span class='ocrx_word' id='word_1_378' title='bbox 1131 4539 1164 4600; x_wconf 90' lang='lat' dir='ltr'>et</span> <span class='ocrx_word' id='word_1_379' title='bbox 1186 4535 1238 4599; x_wconf 90' lang='lat' dir='ltr'>ille</span> <span class='ocrx_word' id='word_1_380' title='bbox 1263 4540 1313 4598; x_wconf 89' lang='lat' dir='ltr'>est</span> <span class='ocrx_word' id='word_1_381' title='bbox 1336 4535 1407 4600; x_wconf 91' lang='lat' dir='ltr'>Ma-</span> 
     </span>
     <span class='ocr_line' id='line_1_44' title="bbox 238 4624 1409 4708; baseline -0.002 -18"><span class='ocrx_word' id='word_1_382' title='bbox 238 4627 366 4707; x_wconf 88' lang='lat' dir='ltr'>guntini</span> <span class='ocrx_word' id='word_1_383' title='bbox 397 4627 571 4708; x_wconf 85' lang='lat' dir='ltr'>progenies</span> <span class='ocrx_word' id='word_1_384' title='bbox 604 4625 772 4690; x_wconf 88' lang='lat' dir='ltr'>dicendus.</span> <span class='ocrx_word' id='word_1_385' title='bbox 807 4645 888 4690; x_wconf 87' lang='lat' dir='ltr'>sane</span> <span class='ocrx_word' id='word_1_386' title='bbox 912 4646 981 4690; x_wconf 90' lang='lat' dir='ltr'>non</span> <span class='ocrx_word' id='word_1_387' title='bbox 1013 4625 1127 4707; x_wconf 83' lang='lat' dir='ltr'>paucis</span> <span class='ocrx_word' id='word_1_388' title='bbox 1160 4624 1240 4688; x_wconf 91' lang='lat' dir='ltr'>locis</span> <span class='ocrx_word' id='word_1_389' title='bbox 1268 4625 1409 4688; x_wconf 90' lang='lat' dir='ltr'>discedit</span> 
     </span>
    </p>
   </div>
   <div class='ocr_carea' id='block_1_6' title="bbox 1271 4745 1300 4800">
    <p class='ocr_par' dir='ltr' id='par_1_6' title="bbox 1271 4745 1300 4800">
     <span class='ocr_line' id='line_1_45' title="bbox 1271 4745 1300 4800; baseline 0 -24"><span class='ocrx_word' id='word_1_390' title='bbox 1271 4745 1300 4800; x_wconf 61' lang='lat' dir='ltr'>¹t</span> 
     </span>
    </p>
   </div>
   <div class='ocr_carea' id='block_1_7' title="bbox 0 0 1756 5248">
    <p class='ocr_par' dir='ltr' id='par_1_7' title="bbox 0 0 1756 5248">
     <span class='ocr_line' id='line_1_46' title="bbox 0 0 1756 5248; baseline 0 4"><span class='ocrx_word' id='word_1_391' title='bbox 0 0 1756 5248; x_wconf 95' lang='lat' dir='ltr'> </span> 
     </span>
    </p>
   </div>
  </div>
 </body>
</html>
