3504 5248
368 364 402 416 48

472 561 551 625 ibid.
577 561 596 625 5
623 560 710 643 (183,
736 559 809 643 88);
844 557 925 622 55551
962 559 1045 622 enim
1077 555 1206 620 15555555
1237 553 1340 630 aridis,
1372 553 1539 631 nisique

362 669 580 730 prospera
604 649 669 714 55555
690 647 871 730 protuleris.

472 819 597 882 Minore
630 821 752 881 conatu
787 819 979 898 corruptam
1015 814 1211 895 scripturam
1252 812 1430 876 emendare
1453 810 1539 874 11555.

366 927 443 970 nam
469 926 544 970 eum
567 926 643 987 quus
655 912 758 1009 'prot
746 905 810 970 tuis
834 905 865 969 M
901 903 1100 984 suppeditet,
1078 901 1270 966 tsoribere
1302 899 1441 964 suffieit.
1434 922 1441 936 ·
1466 899 1540 962 ‘nisi

367 996 478 1076 quod
502 1015 576 1076 pro
602 996 688 1059 tuis
720 1003 906 1146 <fesse>
937 991 1119 1074 gratuleris’
1152 991 1170 1056 1.
1201 1010 1227 1054 e.
1266 991 1328 1053 nisi
1359 989 1451 1070 quod
1476 989 1537 1051 tuis

367 1085 446 1148 utile
471 1104 544 1148 esse
568 1084 709 1148 laeteris.
735 1083 774 1147 51.
798 1083 827 1146 11
852 1083 871 1146 7
898 1083 963 1158 (95,
995 1081 1105 1158 ruet
1072 1081 1267 1162 equis—
1294 1079 1447 1159 princeps
1472 1096 1539 1141 non

366 1174 548 1276 gratulatus
581 1177 630 1236 est
660 1172 782 1237 Gallias
819 1172 873 1235 illo
906 1189 1004 1236 amne
1040 1170 1176 1246 muniri;
1218 1167 1401 1246 119538,
1427 1167 1540 1245 88)55
1563 1185 1566 1192 ’

342 1333 344 1338 ,
366 1282 486 1326 servire
510 1282 546 1325 se
577 1261 710 1325 miiitiae
743 1261 878 1325 nomine
910 1278 968 1341 gra
970 1259 1133 1333 tulantur;
1159 1258 1245 1321 1118
1271 1257 1360 1334 (150,
1386 1257 1418 1337 8)
1445 1255 1541 1337 quod

365 1351 537 1415 millesimo
563 1370 651 1415 anno
680 1388 714 1398 -
752 1351 902 1414 evenisse
937 1349 1073 1411 tandem
1112 1346 1381 1428 gratulationum
1414 1345 1473 1410 XII
1499 1345 1539 1407 85

368 1441 457 1519 (891,
476 1441 508 1517 6)
534 1459 602 1503 555
627 1439 773 1504 enimse
798 1438 905 1502 vivere
929 1439 1119 1517 gratulatur.
1146 1435 1184 1500 51.
1211 1439 1243 1499 55
1265 1435 1331 1498 Liv.
1356 1435 1409 1506 88,
1434 1435 1486 1508 33,
1503 1433 1540 1498 9:

369 1528 479 1611 Scipio
505 1548 565 1609 pro
590 1548 626 1592 se
651 1547 723 1590 esse
746 1528 810 1591 loci
835 1525 1004 1608 augustias
1028 1530 1137 1600 ratus3
1163 1525 1215 1602 35,
1244 1524 1293 1602 15,
1319 1523 1338 1586 9
1364 1542 1453 1604 quae
1481 1542 1541 1604 pro

367 1637 468 1682 eausa
492 1621 611 1695 essent,
638 1617 811 1680 dicturum.

466 1785 550 1848 ibid.
576 1786 596 1849 6
621 1785 709 1864 (185,
738 1785 809 1862 10):
833 1783 956 1846 radices
979 1785 1063 1846 555555
1075 1781 1197 1856 uitium,
1211 1800 1347 1861 quarum
1360 1780 1425 1844 ium
1440 1779 1539 1844 555555-

364 1893 436 1937 5555
458 1877 601 1948 aetutem,
626 1872 727 1937 5555555
757 1872 938 1954 replicando
973 1876 1132 1952 5555555555
1166 1869 1368 1934 altitudinem
1403 1869 1540 1934 5155555555

365 1963 526 2027 scrobibus
549 1962 718 2026 5551551555
740 1966 769 2026 55
791 1962 896 2042 ipsam
931 1963 1140 2042 propupinem
1175 1980 1236 2023 555
1271 1958 1462 2023 55515555
1485 1957 1540 2022 seri

365 2053 504 2116 555555
527 2056 676 2116 5555555
706 2051 843 2132 produnt
865 2049 1021 2114 imbribus
1044 2053 1073 2113 55
1094 2048 1213 2113 solibus
1235 2047 1457 2127 5555555155.

474 2220 526 2285 Sic
550 2221 720 2284 Baehrens
744 2221 853 2283 locum
886 2218 1070 2293 eonstituit;
1104 2219 1136 2281 in
1170 2217 1201 2280 M
1235 2217 1294 2280 suit
1318 2215 1455 2280 51551555
1479 2234 1540 2296 pro

266 2341 268 2344 ·
366 2309 517 2382 55515555,
549 2309 699 2373 obtentam
729 2328 790 2389 pro
823 2307 920 2372 obiter
956 2310 1077 2371 5555555.
1112 2306 1304 2370 Baehrensii
1339 2306 1539 2379 coniectura,

368 2417 573 2479 quamquam
596 2417 664 2461 non
689 2401 739 2460 est
762 2416 862 2460 sensu
888 2415 1003 2477 pravo,
1028 2415 1096 2459 non
1115 2394 1244 2458 videtur
1258 2395 1423 2474 praeferre
1437 2394 1539 2472 serip-

367 2491 475 2550 turam
501 2506 619 2550 veram.
659 2505 736 2549 narn
775 2485 967 2549 adverbium
999 2483 1097 2548 obiter
1126 2503 1195 2548 non
1229 2487 1278 2548 est
1309 2483 1468 2547 usitatum
1491 2482 1541 2545 his

367 2575 555 2640 oratoribus
580 2594 642 2638 555
664 2575 794 2638 videtur
817 2574 870 2638 hic
894 2579 970 2655 apte
994 2574 1139 2654 positum
1174 2591 1256 2636 esse.
1281 2591 1341 2653 ego
1368 2572 1460 2635 aliter
1485 2590 1539 2634 co-

333 2714 336 2722 .
368 2665 447 2728 dicis
479 2664 674 2728 memoriam
712 2664 918 2744 interpretor.
958 2661 1095 2726 5155555555
1133 2662 1213 2742 quin
1245 2681 1284 2724 ex
1317 2660 1540 2741 superioribus

366 2754 532 2834 irrepserit
557 2753 804 2834 genuinumque
829 2752 1023 2816 attributum
1038 2752 1208 2832 expulerit,
1234 2750 1372 2814 dubium
1388 2769 1460 2813 esse
1473 2769 1541 2812 555

366 2846 486 2922 potest.
510 2843 584 2920 hoc,
610 2842 637 2905 si
662 2861 759 2905 usum
784 2842 903 2904 horum
936 2844 1106 2904 oratorum
1130 2844 1329 2920 spectamus
1355 2858 1429 2902 curn
1452 2857 1564 2918 oper-.

368 2935 442 3008 5555,
469 2951 542 2996 esse
560 2930 713 3011 potuerit,
732 2930 881 2994 existimo
896 2929 929 2993 in
947 2929 1164 3009 sequentibus
1173 2929 1349 3010 repetitum
1365 2927 1442 2991 iude
1460 2927 1540 2991 saiso

368 3040 407 3098 op
432 3024 555 3082 esseet
543 3019 727 3082 5555155155
718 3019 852 3100 scrip
855 3038 911 3080 um
925 3037 985 3098 pro
1010 3017 1107 3081 555
1050 3022 1093 3082 55
1096 3021 1171 3091 555
1196 3018 1288 3099 quod
1304 3035 1403 3080 sensu
1424 3021 1523 3096 postu
1501 3036 1539 3079 u-

368 3107 462 3172 latur.
499 3109 612 3188 itaque
644 3107 820 3188 legendum
845 3107 991 3170 ronioio:
1025 3107 1198 3187 etipsam
1222 3105 1440 3187 propaginem
1474 3124 1540 3168 non

369 3200 576 3278 opertam,
603 3196 663 3260 sed
696 3196 768 3258 det
756 3199 845 3259 5555
854 3215 914 3258 am
947 3196 1094 3276 produnt
1081 3195 1278 3260 timoribus
1308 3194 1483 3308 eluendam
1509 3199 1540 3256 ot

367 3286 493 3349 solibus
517 3283 759 3366 perurendam'.

475 3409 577 3472 Paulo
602 3408 685 3471 inira
716 3427 788 3489 cap.
813 3408 869 3471 VII
907 3408 994 3492 (185,
1020 3376 1075 3491 80)
1108 3427 1176 3471 555
1199 3408 1269 3471 iure
1294 3409 1424 3471 videtur
1448 3408 1538 3472 eodi-

367 3518 442 3561 cum
465 3499 627 3579 scriptura
651 3497 832 3561 sollicitari:
858 3498 976 3561 ‘vidisti
1002 3498 1089 3560 enim
1114 3516 1190 3570 non,
1216 3500 1252 3560 ut
1275 3516 1335 3577 per
1360 3516 1456 3578 agros
1481 3497 1538 3560 aii-

367 3607 461 3650 arum
485 3586 625 3661 urbium,
652 3587 763 3650 omnia
782 3587 849 3650 iere
865 3587 951 3650 55155
976 3590 1130 3666 aperta
1154 3586 1316 3660 florentia,
1332 3586 1401 3650 vias
1419 3586 1537 3661 faciles,

366 3677 522 3756 navigera
545 3675 682 3739 flumina
705 3676 794 3757 ipsas
820 3675 1024 3758 oppidorum,
1058 3679 1171 3755 portas
1195 3674 1361 3752 alluentia,
1387 3675 1446 3738 sed
1471 3680 1537 3738 stu·

367 3765 423 3827 tim
450 3766 491 3828 ab
517 3783 556 3828 eo
596 3764 693 3841 flexu,
727 3784 835 3846 equo
868 3770 1047 3827 retrorsum
1086 3764 1140 3828 via
1179 3763 1269 3827 ducit
1300 3764 1332 3826 15
1365 3763 1539 3843 Belgicam,

365 3859 459 3916 vasta
484 3853 605 3928 omnia,
628 3854 754 3917 inculta
778 3853 973 3935 squalentia,
1009 3857 1101 3916 muta
1130 3853 1317 3928 tenebrosa,
1356 3853 1453 3917 etiam
1479 3853 1539 3915 mi-

366 3943 467 4006 litaris
492 3943 561 4005 vias
586 3979 628 3988 -
651 3942 886 4023 confragosas!
910 3941 1023 4020 upriea
1047 3942 1137 4004 enim
1154 3942 1322 4006 Baehrens
1336 3942 1465 4023 scripsit
1481 3961 1540 4022 pro

256 4102 260 4110 ⁴
366 4031 541 4109 apertuit,
569 4050 642 4094 rum
674 4032 788 4113 Haupt
818 4031 928 4094 555555
962 4029 1084 4106 (Herm.
1118 4030 1158 4092 IV
1195 4032 1268 4107 151)
1302 4032 1552 4111 proposuisset..

367 4120 431 4183 hoc
454 4123 564 4200 operio
587 4120 661 4184 ferri
677 4140 777 4200 posse
802 4120 968 4192 existimo;
994 4119 1228 4199 intelleguntur
1253 4120 1340 4182 enim
1363 4120 1436 4182 looa
1453 4119 1540 4183 culta

367 4227 428 4272 555
463 4228 522 4290 per
556 4209 717 4272 incultum
741 4207 889 4271 sentibus
913 4208 1137 4289 vepribusque
1168 4209 1391 4288 impedita,
1418 4209 1538 4288 quibus

368 4301 544 4379 opponunt
547 4317 585 4362 ur
608 4317 685 4360 mox
708 4296 781 4361 loca
804 4296 928 4360 1555115
952 4300 1179 4378 vastaque.
1207 4303 1209 4306 ’

473 4465 551 4528 ibid.
579 4465 619 4527 10
642 4465 729 4541 (188,
756 4464 832 4545 88);
865 4464 920 4527 5155
952 4467 1022 4528 5555
1024 4464 1076 4526 uri
1098 4465 1235 4528 1555555555
1265 4471 1381 4543 ututur
1406 4469 1540 4544 5555555

367 4553 1542 4636 5155555555555555515515555555Ὓ555515555555555555,·5155555555
