3504 5248
1344 355 1384 440 'aa

208 586 427 669 probaverim,
453 585 546 666 quod
560 587 715 667 ignorant
737 586 770 648 hi
795 587 944 649 oratores
964 584 1114 664 verbum,
1140 584 1231 665 quod
1255 588 1306 648 est
1330 583 1383 648 d·

207 677 318 751 sidere,
345 693 547 757 quamquam
572 675 706 757 saepius
731 693 771 738 eo
799 677 981 755 patuerunt
1004 674 1063 738 uti.

313 862 392 926 ibid.
418 862 459 925 93
484 861 574 944 (910,
607 861 682 939 93);
720 859 794 924 iude
830 860 990 948 estquod,
1024 879 1095 922 cum
1118 859 1236 923 auitum
1259 859 1386 939 differre

209 949 308 1025 liceat,
329 951 436 1030 perire
464 948 621 1028 festinaui
649 970 773 1030 seseque
804 948 952 1014 letalibus
975 947 1159 1013 uulneribus
1183 954 1212 1012 et
1234 948 1386 1012 marsi·

208 1040 288 1104 bus
311 1039 462 1120 afferunt.

315 1207 544 1290 Praepro'pere
567 1207 736 1271 Baehrens
760 1207 791 1272 h.
810 1206 831 1271 l.
855 1206 1023 1288 vulgatam
1047 1206 1200 1271 mortibus
1224 1207 1382 1285 deseruit,

208 1301 342 1378 recepto
367 1297 459 1380 quod
489 1297 561 1378 ipse
594 1297 765 1361 invenerat
794 1295 960 1360 morsibus.
993 1315 1071 1359 nam
1102 1294 1254 1362 mortibus
1290 1296 1385 1360 lacile

208 1386 348 1467 intellegi
373 1389 493 1467 potest,
518 1405 593 1453 cum
615 1384 771 1448 morsibus
794 1388 872 1465 post
895 1383 1077 1449 uulneribus
1098 1386 1272 1462 redundet,
1298 1404 1382 1466 quo-

209 1477 297 1540 niam
323 1479 355 1546 et
377 1494 500 1539 morsus
530 1475 563 1538 in
596 1474 787 1539 vulneribus
819 1477 897 1539 sunt
927 1473 1084 1538 habendi.
1115 1473 1270 1537 mortibus
1293 1475 1381 1537 enim

205 1564 359 1646 ¹gradatio
384 1563 551 1646 quaedam
586 1568 635 1627 est
668 1563 754 1627 illius
790 1560 938 1627 letalibus
973 1562 1166 1627 vulneribus.
1204 1582 1283 1626 nam
1307 1583 1383 1627 cum

209 1653 369 1717 mortibus
394 1672 429 1715 se
454 1653 596 1716 offerunt
620 1652 748 1736 captivi,
773 1652 959 1716 moriuntur
990 1653 1110 1729 statim,
1144 1671 1219 1715 aum
1250 1651 1383 1716 letiferis

209 1743 399 1806 vulneribus
431 1761 499 1804 non
535 1761 720 1822 numquam
751 1741 922 1821 eliquanto
961 1745 1039 1823 past
1074 1745 1211 1821 accepta
1246 1741 1383 1805 vulnera
1470 1809 1473 1814 A

209 1836 357 1912 pereant.
389 1829 523 1911 pluralis
546 1829 599 1893 ille
621 1834 735 1894 martes
771 1831 898 1912 aliquot
928 1830 1008 1894 locis
1042 1830 1076 1894 in
1101 1831 1306 1912 panegyricis
1331 1829 1382 1893 ul·

209 1921 295 1984 timis
319 1920 455 2001 legitur:
478 1919 523 1983 XI
550 1918 589 1982 13
614 1919 702 1997 (954,
730 1919 782 2001 19)
815 1938 875 2001 per
898 1919 1035 1983 infestos
1068 1919 1195 2000 gladios
1220 1939 1380 2000 praesen-

209 2014 326 2091 tesque
350 2012 473 2072 mortes
496 2008 670 2089 imperium
705 2008 883 2092 petivistis;
916 2008 975 2071 Xll
1007 2008 1049 2071 99
1075 2009 1162 2088 (997,
1192 2008 1244 2086 10)
1269 2008 1311 2071 de
1335 2008 1384 2071 vi-

208 2117 320 2162 rorum
344 2097 505 2162 mortibus
528 2096 666 2177 loquor3
692 2097 735 2160 30
760 2098 848 2179 (998,
874 2098 927 2174 96)
954 2102 985 2160 et
1009 2098 1066 2178 qui
1090 2097 1279 2161 obtulerant
1295 2116 1384 2160 mar-

209 2188 297 2251 tibus
320 2191 467 2268 pectora,
483 2187 601 2250 darent
622 2190 714 2266 terga
734 2186 947 2261 verberibus3
973 2186 1015 2249 36
1037 2186 1125 2269 (304,
1147 2186 1180 2264 9)
1193 2186 1247 2250 isti
1262 2189 1385 2250 mortes

210 2281 360 2358 receptes
384 2277 418 2339 in
442 2276 539 2339 silvas
564 2281 597 2338 et
619 2275 757 2340 tlumina
782 2275 991 2341 differebant.

314 2463 393 2527 ibid.
417 2463 460 2525 96
485 2461 573 2545 (919,
598 2461 670 2545 aa:
692 2460 748 2539 fac
770 2461 872 2542 iqitur
894 2468 937 2534 ut,
962 2462 1046 2540 quad
1068 2465 1226 2540 optimum
1249 2461 1386 2525 bumaria

207 2550 312 2632 asueri
334 2550 460 2627 dedisti,
488 2551 740 2629 permanentia
764 2554 925 2615 aeteruum
956 2570 1121 2629 omuesque
1156 2548 1387 2614 Onustautiuus

208 2641 243 2702 iu
267 2639 360 2703 terris
383 2640 476 2721 deaut
498 2642 626 2702 aetates.

315 2807 358 2870 Iu
373 2811 533 2872 aeteruum
546 2807 716 2871 Baehrens
733 2807 834 2872 edidit
851 2807 1048 2872 Bertiniensi
1063 2812 1234 2889 permotus
1251 2808 1383 2884 codice3

209 2918 287 2962 nam
311 2902 472 2971 octauum
495 2897 566 2961 sine
589 2900 625 2960 iu
646 2896 793 2978 positum
814 2901 999 2961 ceterorum
1024 2901 1074 2960 est
1096 2896 1192 2961 lectio
1215 2897 1384 2961 librorum.

212 2987 271 3050 sed
296 3005 369 3050 cum
397 2986 521 3050 codicis
554 2985 768 3050 Bertiniensis
792 2986 904 3050 solius
926 3005 1030 3067 parve
1054 2987 1096 3050 sit
1117 2985 1201 3050 fides
1226 3005 1306 3067 pree
1330 3004 1383 3049 ce-

208 3081 354 3139 terarum
382 3074 588 3149 auctoritate,
612 3074 729 3139 melius
754 3075 915 3139 stabimus
938 3075 969 3138 h.
985 3074 1006 3138 l.
1025 3075 1198 3140 abhorum
1213 3076 1384 3156 scriptura,

208 3165 403 3245 praesertim
441 3181 516 3226 cum
552 3181 592 3227 ea
626 3164 705 3226 nihil
730 3163 771 3226 sit
806 3164 991 3228 offensioni.
1027 3165 1063 3228 ef.
1097 3164 1138 3226 Vl
1173 3165 1212 3226 12
1236 3165 1325 3245 (158,
1350 3164 1383 3241 5)

208 3273 277 3318 non
301 3257 454 3316 mutuum
477 3251 567 3315 istud
598 3252 657 3315 tibi
687 3251 816 3323 tradidi,
849 3252 908 3315 sed
944 3257 1138 3329 aetemum3
1171 3255 1203 3319 X
1227 3253 1269 3317 38
1295 3253 1384 3336 (943,

213 3342 265 3420 13)
291 3345 323 3404 et
345 3341 523 3423 plurimum
548 3341 697 3417 sumitur,
722 3345 769 3416 ut,
794 3360 867 3405 cum
892 3360 944 3404 res
968 3340 1101 3423 largiter
1123 3345 1291 3422 suppetat,
1305 3361 1384 3422 spes

211 3434 321 3494 tamen
346 3430 471 3494 illibata
494 3434 699 3511 permaneat.

315 3618 393 3681 ibid.
418 3619 460 3681 96
486 3616 574 3699 (919,
600 3618 674 3700 til:
699 3617 843 3696 quamvis
870 3616 953 3680 euim
977 3653 1020 3662 —
1044 3617 1110 3680 iaru
1133 3618 1244 3681 diviua
1267 3617 1386 3682 soboles

209 3710 265 3770 tua
287 3705 331 3770 ad
352 3705 567 3785 reipublicae
589 3710 662 3770 uota
692 3708 875 3769 successerit
906 3709 934 3768 et
964 3705 1069 3768 adhaec
1098 3709 1242 3783 speretur
1270 3705 1386 3786 futuro

209 3794 410 3874 numerosior,
434 3793 525 3860 illa
550 3799 655 3859 tamea
686 3797 747 3858 erit
776 3814 845 3858 cere
877 3793 969 3858 beuta
998 3795 1179 3872 posteritas,
1212 3795 1284 3858 cui
1315 3814 1385 3858 cum

210 3883 323 3947 liberas
346 3887 415 3947 ticos
436 3882 656 3964 gubernaculis
688 3883 773 3948 orbis
803 3881 986 3954 admoveris,
1019 3882 1123 3946 tusis
1146 3882 1289 3947 amulum
1311 3902 1382 3946 ma·

208 3972 316 4036 uimrrs
338 3972 520 4050 imperator.

314 4139 379 4203 Pro
403 4143 455 4203 cui
472 4140 503 4204 M
518 4141 634 4205 hebuit
648 4144 693 4205 ut.
709 4142 774 4204 hoc
797 4141 921 4206 servari
937 4139 1068 4223 poterit,
1093 4139 1123 4203 si
1141 4140 1295 4204 lacunam
1312 4159 1385 4205 esse

210 4232 289 4311 post
320 4231 426 4292 tameu
457 4231 678 4304 statuerimus
715 4229 834 4294 iactam
866 4230 990 4294 amisso
1023 4229 1166 4294 ablativo
1200 4227 1386 4306 caudicioue,

211 4337 286 4382 cum
302 4336 369 4400 qua
394 4317 454 4380 illa
477 4319 625 4383 iunctum
640 4318 747 4398 fuerit,
772 4319 791 4383 i.
813 4338 840 4382 e.
859 4319 886 4382 si
908 4318 1102 4400 legerimus:
1128 4318 1219 4382 ‘illa
1241 4320 1386 4382 tamen

211 4406 580 4480 <condicione>
604 4408 664 4470 erit
686 4427 762 4470 vere
788 4408 889 4471 beate
924 4408 1112 4490 posteritas,
1144 4412 1191 4472 ut
1215 4444 1256 4454 -
1280 4410 1317 4472 tu
1341 4407 1385 4471 sis

211 4531 254 4540 -
275 4495 476 4578 imperator.'
503 4496 541 4560 cl.
565 4495 596 4558 X
622 4497 661 4559 13
685 4495 775 4579 (954,
809 4495 883 4578 90);
916 4502 951 4560 at
975 4515 1064 4561 nunc
1091 4496 1176 4561 ultro
1201 4495 1295 4560 vobis
1319 4515 1383 4577 po·

211 4587 313 4648 testas
338 4585 497 4666 regnandi
523 4586 630 4661 datur,
654 4587 690 4648 ut
715 4604 762 4648 ea
785 4604 866 4667 qua
890 4584 1091 4651 lulianus
1116 4585 1385 4650 condicione

1247 4707 1279 4759 5*
