3504 5248
1267 369 1411 426 ‘ii

234 573 289 633 est
321 572 424 644 aetas,
449 586 548 650 quem
581 566 625 630 ad
650 566 787 632 modum
811 568 844 632 in
870 568 977 650 prima
1011 572 1106 654 parte
1133 561 1411 632 commemoratur

237 655 387 737 Iuppiter
408 675 529 738 pareus
560 655 642 720 etin
664 657 761 721 tertia
775 655 930 721 Hercules
952 654 1112 722 alumnus.
1138 660 1231 721 aetas
1257 657 1313 721 itta
1338 677 1411 736 cum

238 747 361 828 optime
398 745 518 808 tradito
550 747 676 824 reptata
707 747 920 827 exprimatur,
953 764 1090 827 prorsus
1123 745 1202 809 nihil
1236 749 1287 810 est
1320 747 1412 827 quod

239 855 279 901 ca
301 835 398 900 lectio
423 837 578 899 mutetur.
604 833 732 899 accedit
755 835 848 918 quod
872 833 1091 914 Claudianus,¹
1111 835 1168 918 qui
1192 835 1326 918 saepius
1358 855 1410 899 re-

238 923 345 1006 spexit
368 927 401 987 et
423 923 569 986 imitatus
601 927 651 986 est
680 922 743 988 hos
775 924 1003 1010 panegyricos
1036 923 1178 996 similem
1206 924 1238 988 in
1276 925 1413 1002 modum

239 1013 352 1078 scribit
382 1011 428 1081 de,
448 1011 503 1076 ur.
528 1030 619 1081 cons.
643 1011 730 1078 Hon.
764 1032 793 1086 1.
821 1011 888 1088 131
907 1031 965 1104 sq.,
999 1031 1100 1094 quem
1122 1013 1234 1092 locum
1258 1012 1297 1078 O.
1322 1013 1410 1092 11111-

150 1117 154 1124 ·
239 1102 355 1184 dingio
383 1099 448 1183 (Dc
467 1099 669 1181 pampprids
692 1099 820 1170 Latinis
850 1101 959 1180 capito
982 1105 1132 1181 quattuor
1157 1100 1274 1187 [1899]
1301 1123 1332 1188 p.
1357 1101 1412 1178 33)

240 1191 365 1257 debeo:
902 1187 905 1194 ⁴

385 1358 535 1422 Herculis
560 1362 593 1422 et
615 1357 738 1428 Bromii
762 1361 926 1426 sustentat
949 1358 1053 1444 gioria
1076 1359 1221 1436 Thebas,

387 1447 502 1511 Haesit
525 1444 826 1534 Apollineo-Delos
848 1445 989 1512 Latonia
1012 1453 1110 1530 partu

389 1535 555 1616 Cretaque
579 1549 615 1598 se
638 1536 740 1600 iactat
762 1539 877 1599 tenero
901 1539 1085 1617 reptata
1108 1536 1264 1601 Tonanti.

345 1705 424 1770 ibid.
450 1706 469 1767 6
495 1703 582 1786 (171,
608 1704 682 1784 15);
713 1725 789 1768 uum
819 1723 888 1768 cam
912 1704 973 1768 duo
996 1704 1066 1770 sint
1086 1724 1166 1784 quae
1194 1706 1297 1770 claros
1320 1706 1414 1776 dures

237 1793 370 1873 faciant,
395 1813 520 1857 sumena
542 1793 645 1857 virtus
667 1811 852 1872 summoque
873 1792 1022 1872 felicitas,
1039 1795 1120 1863 seire
1143 1794 1267 1858 obvium
1289 1797 1335 1860 est
1351 1814 1413 1874 quo

234 1884 403 1963 praeditam
423 1882 524 1962 fuerit
538 1882 699 1965 felicitate
724 1885 815 1954 <et
838 1881 1055 1957 virtute>
1079 1886 1135 1962 qui
1158 1886 1187 1946 te
1207 1884 1324 1964 petiuit.

346 2052 391 2114 Et
420 2051 536 2114 virtute
571 2050 736 2132 supplevit
771 2050 951 2124 Baehrens
987 2051 1047 2114 sed
1081 2051 1146 2115 hoc
1181 2052 1295 2119 addito
1334 2053 1413 2117 nihil

241 2159 325 2221 opus
348 2139 417 2202 fuit.
442 2160 520 2205 nam
543 2143 624 2202 seire
647 2139 770 2203 obviem
794 2143 839 2203 est
863 2139 1026 2221 explicare
1057 2140 1133 2203 licet
1163 2139 1242 2204 scire
1274 2140 1413 2220 primum

239 2229 369 2382 digddih
398 2233 460 2305 est;
504 2248 582 2292 nam
621 2227 661 2291 de
698 2229 813 2292 virtute
851 2230 1058 2309 imperatoris
1098 2229 1255 2311 deinceps
1302 2233 1415 2294 orator

248 2497 254 2508 ·
346 2486 424 2551 ibid.
452 2486 695 2568 1110711161
719 2487 858 2567 prudent
876 2485 1017 2565 profecto
1036 2492 1240 2566 perpetuo
1266 2488 1416 2552 divino

243 2581 327 2640 motu
352 2581 382 2639 et
403 2574 471 2656 tupi
493 2576 663 2657 opitatioue
686 2595 719 2638 se
741 2578 860 2655 cepetat
882 2578 1063 2639 aeternitas,

353 2744 553 2809 Consecutio
577 2744 755 2808 verborum
777 2747 928 2824 perpetuo
952 2743 1065 2807 divina
1090 2744 1212 2808 tradita
1236 2747 1287 2808 est
1308 2743 1415 2806 Berti-

242 2834 347 2920 niensi
370 2832 450 2898 solo.
475 2834 534 2897 sed
558 2851 635 2897 cum
658 2831 708 2896 vel
729 2832 831 2897 errori
855 2851 895 2895 ea
918 2831 1096 2896 tribuenda
1120 2832 1185 2895 sint
1209 2832 1260 2895 vel
1284 2833 1414 2896 coniec-

240 2927 344 3000 turae,
369 2942 456 3004 quae
480 2922 693 2986 Bertiniensis
718 2922 820 2986 habet
844 2922 945 2994 sotus
978 2940 1046 2984 non
1071 2924 1120 2984 est
1144 2940 1202 2986 cur
1226 2941 1246 2985 a
1274 2920 1415 2985 lectione

240 3016 426 3076 ceterorum
456 3011 625 3087 librorum,
663 3030 750 3092 quae
785 3030 869 3075 sana
903 3015 961 3086 est,
999 3010 1218 3074 discedamus.
1255 3014 1303 3074 est
1328 3011 1416 3074 enim

241 3101 340 3164 haec:
366 3099 523 3179 ‘gandent
545 3101 694 3178 protecto
721 3099 870 3164 divina
894 3105 1113 3181 perpetuo
1137 3102 1252 3164 motu’.

348 3212 439 3276 Idem
464 3213 641 3276 dicendum
665 3217 715 3277 est
739 3214 780 3277 de
803 3213 862 3278 XII
885 3214 928 3280 43
954 3215 1042 3297 (310,
1068 3215 1135 3298 Bi),
1164 3215 1220 3278 ubi
1244 3215 1414 3278 Baehrens

241 3302 480 3367 Bertiniensem
504 3305 636 3366 secutus
661 3302 779 3366 edidit:
806 3304 905 3367 ‘omni
930 3305 1076 3367 severius
1109 3306 1173 3367 est
1196 3304 1416 3384 quaestione.

242 3390 436 3472 reponenda
460 3389 521 3454 erit
544 3395 729 3454 ceterorum
753 3392 903 3456 codicum
928 3393 1109 3473 scriptura:
1143 3392 1244 3455 ‘omni
1268 3394 1415 3456 severius

242 3481 438 3564 quaestione
463 3477 545 3544 est'.
568 3480 669 3560 paulo
693 3480 778 3544 infra
802 3481 844 3544 43
870 3481 1009 3564 (311,1)
1035 3482 1166 3563 scripsit
1189 3481 1360 3546 Baehrens
1376 3501 1416 3544 ex

241 3569 455 3633 Bertiniensi:
481 3569 585 3633 ‘aliter
608 3589 676 3633 non
700 3569 863 3651 potuisset
895 3569 1024 3634 allicere
1048 3570 1185 3635 militum
1211 3571 1414 3646 societatem,

241 3660 302 3722 nisi
326 3658 388 3722 tui
412 3678 454 3722 se
479 3659 803 3722 auctoramenti
827 3658 979 3721 finxisset
1002 3662 1166 3723 actorem'.
1191 3678 1260 3722 non
1287 3663 1337 3723 est
1361 3678 1413 3723 re-

242 3748 395 3829 spuenda
411 3747 551 3812 aliorum
568 3746 701 3810 testium
718 3746 897 3827 scriptura:
916 3747 987 3810 ‘nisi
1002 3747 1329 3812 auctoramenti
1352 3749 1416 3811 tui

242 3856 284 3899 se
307 3837 327 3899 f.
351 3835 389 3900 a.'

349 3942 438 4006 Sane
475 3943 572 4013 etiam
605 3942 664 4007 Xll
698 3943 719 4007 8
753 3942 840 4022 (178,
876 3943 930 4013 15)
963 3942 1046 4006 ordo
1080 3942 1269 4018 verborum,
1303 3941 1359 4024 qui
1383 3942 1415 4004 in

242 4028 376 4094 ABVW
390 4036 489 4107 extat,
510 4031 604 4096 '‘nihil
627 4037 739 4097 tamen
763 4031 963 4100 blandita
1017 4031 1085 4094 lus
1109 4029 1292 4112 praestitit,
1317 4049 1414 4113 prae-

242 4119 397 4184 ferendus
422 4124 471 4184 est
496 4121 524 4183 ei
549 4140 647 4201 quem
679 4121 764 4185 Bert.
789 4141 864 4186 cum
895 4051 1048 4185 Chahet
1079 4120 1294 4185 ‘nihittamen
1317 4119 1417 4200 plus

240 4207 444 4272 blandita
468 4209 651 4290 praestitit,
677 4210 835 4291 quoniam
859 4208 940 4275 nihii
962 4211 995 4274 in
1021 4229 1060 4273 eo
1085 4209 1170 4284 inest
1195 4209 1311 4272 vitiosi.

348 4377 424 4445 ibid.
452 4377 492 4440 10
517 4375 605 4458 (180,
631 4379 681 4456 7);
706 4398 745 4441 nc
767 4381 834 4441 tum
858 4377 992 4457 quidem,
1025 4397 1096 4458 cum
1117 4380 1154 4441 in
1177 4377 1322 4440 altiorem
1340 4395 1417 4455 pro·

241 4471 346 4531 vectus
366 4465 504 4550 pradum
529 4465 632 4530 tubere
655 4470 780 4531 tantum
803 4469 832 4532 ct
860 4503 894 4512 -
918 4473 1018 4548 parto
1039 4464 1141 4548 pieria
1172 4465 1257 4528 vetut
1279 4467 1415 4544 reposito

240 4553 311 4631 fret
328 4573 448 4634 posses.
484 4554 594 4618 honori
616 4575 797 4634 operans
829 4555 981 4620 remisisti
1013 4555 1089 4635 qum
1112 4554 1251 4617 omnium
1275 4560 1414 4624 castren·
