3504 5248
319 1991 412 2054 Aem.
436 1989 676 2053 Baehrensium
697 1990 738 2052 de
762 1988 966 2070 panegyricis
983 1989 1107 2052 Latinis
1132 1993 1297 2070 apparatu
1321 1991 1383 2052 cri-

211 2079 287 2155 tico,
314 2089 412 2158 quem
438 2077 587 2140 adiunxit
618 2095 699 2139 suae
724 2095 839 2139 eorum
863 2077 1009 2154 editioni,
1034 2077 1120 2154 bene
1145 2077 1305 2140 memisse
1329 2077 1383 2140 vix

213 2167 393 2246 quisquam
425 2165 485 2228 erit
508 2164 565 2245 qui
597 2183 720 2245 negare
742 2165 830 2228 velit.
863 2184 942 2228 nam
966 2169 998 2228 et
1022 2165 1173 2230 subsidia
1197 2165 1310 2229 critica
1332 2167 1384 2230 in·

213 2254 348 2333 signiter
380 2253 479 2328 auxit,
509 2259 705 2334 recuperato
737 2254 933 2334 praesertim
964 2252 1078 2317 codice
1113 2253 1302 2336 Upsaliensi
1326 2253 1384 2337 (l),

211 2345 297 2405 teste
320 2346 452 2422 praeter
466 2346 595 2406 ceteros
618 2342 833 2421 memorabili,
859 2347 892 2406 et
879 2342 1087 2406 tlectionum
1111 2344 1289 2408 varietates
1304 2344 1384 2408 satis

213 2434 289 2512 apte
313 2431 458 2512 digessit,
481 2431 613 2512 pensita
614 2431 656 2494 tis
614 2432 841 2506 tomnibus
867 2435 950 2513 quot
952 2437 1034 2513 quot
1048 2437 1118 2496 tum
1134 2432 1383 2535 comparebant

213 2519 382 2584 codicibus
407 2519 596 2601 duplicique
619 2519 693 2584 libri
716 2517 861 2602 Magunt'
854 2521 898 2584 mi
923 2519 1027 2600 (ΜΗ
1012 2521 1114 2602 sirpe
1138 2521 1195 2586 det
1181 2522 1313 2624 tecta,*)
1337 2521 1384 2586 ita

211 2614 248 2673 ut
278 2628 399 2689 magna
421 2628 471 2694 'ex
502 2614 596 2689 parte
564 2608 751 2673 tfirmum
782 2610 993 2692 solidumque
1025 2609 1228 2676 recensionis
1261 2611 1383 2674 lunda·

211 2702 359 2762 mentum
383 2698 506 2762 iactum
529 2717 601 2762 esse
624 2698 785 2762 videatur.
809 2718 924 2762 verum
948 2699 981 2762 in
1006 2717 1046 2762 ea
1069 2719 1104 2762 re
1129 2700 1249 2762 erravit
1271 2699 1382 2763 Baeh-

210 2807 297 2862 rens,
330 2786 422 2868 quod
451 2806 521 2850 non
548 2787 716 2868 perspexit
744 2807 784 2851 ex
808 2788 926 2852 eodem
960 2807 1026 2869 quo
1051 2789 1080 2851 A
1104 2788 1196 2852 fonte
1227 2807 1382 2852 manasse

211 2876 450 2941 Bertiniensem
483 2877 565 2939 etsi
589 2893 657 2958 qua
680 2875 817 2941 meliora
850 2893 951 2958 quam
980 2877 1181 2954 elaberer,
1205 2897 1382 2941 camerae

212 2965 421 3028 coniecturae
448 2964 580 3038 librarii,
606 2983 675 3028 non
700 2966 895 3047 exemplaris
918 2966 1144 3047 praestantiae
1170 2966 1293 3031 deberi.
1318 2986 1379 3030 ne-

213 3071 278 3133 que
301 3057 413 3116 tamen
437 3057 530 3116 tanta
561 3054 661 3117 laude
685 3055 874 3119 emendatio
907 3055 977 3118 eius
1010 3062 1060 3119 est
1090 3056 1200 3135 digna.
1233 3060 1271 3119 ut
1295 3056 1380 3118 enim

213 3142 435 3204 concedamus
469 3142 634 3205 salubrem
659 3162 734 3206 eum
770 3143 971 3224 quibusdam
994 3144 1074 3208 locis
1098 3145 1204 3226 aegris
1228 3144 1378 3208 attulisse

211 3229 408 3293 medicinam
433 3229 592 3311 aliosque,
618 3231 646 3294 si
668 3250 737 3295 non
750 3251 898 3310 sanasse,
918 3233 1054 3297 vitiosos
1078 3238 1190 3296 tamen
1215 3252 1288 3296 esse
1311 3234 1379 3313 pri-

211 3338 304 3382 mum
330 3317 533 3393 ostendisse;
566 3323 603 3382 ut
626 3320 744 3383 eodem
770 3320 915 3385 addatur
939 3341 1013 3385 cum
1039 3341 1117 3386 cura
1140 3341 1216 3386 eum
1241 3321 1379 3385 aliorum

211 3408 322 3472 studia
346 3408 456 3472 critica
487 3408 716 3490 percensuisse
740 3409 842 3490 inque
865 3429 963 3474 usum
987 3430 1085 3474 suum
1109 3411 1189 3475 satis
1214 3410 1381 3491 eleganter

211 3497 430 3561 convertisse:
454 3504 566 3562 tamen
590 3497 693 3562 multo
717 3497 813 3579 plura
827 3500 861 3562 in
880 3499 1024 3562 editione
1048 3500 1119 3563 eius
1144 3504 1257 3564 extant
1281 3499 1323 3563 ab
1339 3519 1379 3563 eo

209 3590 343 3661 novata,
369 3605 456 3668 quae
479 3587 700 3668 vituperanda
722 3587 789 3650 sint
812 3587 1013 3669 minimeque
1036 3589 1223 3668 probanda.

317 3677 366 3739 Ac
397 3675 576 3757 plerosque
608 3696 648 3739 ex
670 3676 721 3739 his
753 3677 919 3740 erroribus
944 3696 983 3740 eo
1008 3677 1216 3759 potissimum
1248 3677 1379 3742 admisit

211 3764 391 3843 Baehrens,
418 3764 510 3846 quod
523 3784 592 3828 non
609 3766 689 3829 satis
714 3769 916 3846 cognoverat
929 3767 1047 3830 horum
1065 3770 1235 3830 oratorum
1252 3785 1377 3830 sermo·

211 3872 287 3917 nem
318 3861 500 3935 artemque.
524 3873 602 3918 nam
634 3853 830 3935 plerumque
854 3855 998 3935 ignarus,
1031 3869 1118 3937 quae
1141 3855 1163 3919 ii
1188 3860 1379 3919 constanter

210 3942 243 4005 in
267 3942 418 4007 oratione
432 3962 493 4006 sua
507 3944 666 4007 vitassent
691 3958 844 4025 quaeque
868 3942 984 4007 sedulo
1002 3946 1117 4009 sectati
1143 3948 1263 4021 essent,
1288 3943 1380 4007 haud

210 4049 296 4106 raro,
322 4050 396 4094 cum
429 4033 600 4097 sententiis
632 4033 733 4096 modo
759 4036 791 4095 et
815 4031 968 4096 codicum
993 4034 1142 4115 apicibus
1166 4032 1246 4096 satis
1269 4032 1378 4096 facere

210 4118 369 4194 studeret,
401 4119 509 4184 intulit
531 4121 660 4185 illorum
692 4121 875 4198 remissa,
900 4139 987 4202 quae
1010 4140 1146 4203 prorsus
1171 4121 1314 4185 suntab
1339 4121 1378 4184 iis

210 4208 319 4273 aliena
350 4213 451 4290 atque
473 4208 549 4273 ideo
574 4210 689 4290 procul
719 4211 886 4274 habenda.
919 4209 979 4274 sed
1014 4211 1164 4275 subtilior
1186 4209 1241 4273 illa
1265 4210 1377 4274 elocu-

209 4297 308 4361 tionis
333 4297 480 4378 artisque
504 4298 645 4378 cognitio
675 4299 841 4364 etiamad
865 4299 1090 4363 aestimandas
1113 4304 1202 4363 recte
1227 4298 1378 4363 codicum

317 4473 340 4537 *)
359 4472 422 4526 Mox
440 4489 507 4526 sane
525 4473 640 4526 mutavit
670 4473 843 4536 sententiam,
862 4473 914 4526 tria
932 4471 958 4526 M
977 4474 1137 4539 apographa
1155 4472 1310 4525 statuendo.
1331 4471 1380 4524 sed

209 4543 370 4598 llarleianus
389 4543 437 4608 pl),
466 4560 548 4612 quem
577 4559 609 4596 ex
637 4543 744 4610 Mipso
772 4545 902 4612 scriptum
926 4544 1062 4606 iudicavit,
1082 4559 1116 4596 ex
1134 4544 1166 4606 A,
1195 4549 1327 4610 quantum
1347 4557 1379 4594 ex

211 4614 268 4667 eius
287 4615 424 4668 adnotatis
443 4615 539 4682 (Rhen.
550 4631 618 4668 mus.
633 4613 703 4668 XXX
715 4615 779 4680 lul)
799 4615 925 4668 conicere
944 4615 1015 4680 licet,
1034 4615 1140 4668 videtur
1159 4613 1276 4666 fluxisse.

1259 4721 1271 4773 1
